Id,Pair,TimeStamp,Quantity,Price,Total,FillType,OrderType
38121882,BTC-STEEM,2018-01-25T17:38:21.807,31.299,0.00057505,0.01799848,PARTIAL_FILL,SELL
38121863,BTC-STEEM,2018-01-25T17:37:40.587,3.52,0.00057503,0.0020241,PARTIAL_FILL,SELL
38121860,BTC-STEEM,2018-01-25T17:37:35.117,37.11435036,0.0005754,0.02135559,FILL,BUY
38121855,BTC-STEEM,2018-01-25T17:37:26.087,21.15852462,0.00057541,0.01217482,FILL,BUY
38121853,BTC-STEEM,2018-01-25T17:37:21.477,1.30016801,0.00057541,0.00074812,FILL,BUY
38121833,BTC-STEEM,2018-01-25T17:37:05.413,3.0924438,0.0005755,0.0017797,FILL,SELL
38121831,BTC-STEEM,2018-01-25T17:37:04.1,34.80039009,0.00057735,0.020092,FILL,BUY
38121804,BTC-STEEM,2018-01-25T17:36:38.897,1.60741915,0.00057541,0.00092492,PARTIAL_FILL,BUY
38121798,BTC-STEEM,2018-01-25T17:36:32.913,641.36079343,0.00057541,0.36904541,FILL,BUY
38121790,BTC-STEEM,2018-01-25T17:36:28.96,569.55563634,0.00057541,0.327728,FILL,BUY
38121786,BTC-STEEM,2018-01-25T17:36:27.693,17.32897714,0.00057541,0.00997126,FILL,BUY
38121782,BTC-STEEM,2018-01-25T17:36:25.397,569.55563634,0.00057541,0.327728,FILL,BUY
38121780,BTC-STEEM,2018-01-25T17:36:24.897,20.953,0.00057541,0.01205656,FILL,BUY
38121778,BTC-STEEM,2018-01-25T17:36:24.443,418.63060957,0.00057541,0.24088423,FILL,BUY
38121777,BTC-STEEM,2018-01-25T17:36:24.443,9.0,0.0005754,0.0051786,PARTIAL_FILL,BUY
38121776,BTC-STEEM,2018-01-25T17:36:24.443,37.69899892,0.00057538,0.02169124,PARTIAL_FILL,BUY
38121775,BTC-STEEM,2018-01-25T17:36:24.443,54.69112825,0.00057501,0.03144794,PARTIAL_FILL,BUY
38121770,BTC-STEEM,2018-01-25T17:36:18.68,128.67547034,0.00057501,0.07398968,FILL,BUY
38121767,BTC-STEEM,2018-01-25T17:36:16.96,8.83542378,0.00057501,0.00508045,FILL,SELL
38121766,BTC-STEEM,2018-01-25T17:36:16.96,1.85126491,0.00057501,0.00106449,FILL,SELL
38121706,BTC-STEEM,2018-01-25T17:35:12.46,1.15990314,0.00057501,0.00066695,PARTIAL_FILL,SELL
38121702,BTC-STEEM,2018-01-25T17:35:04.52,650.0,0.000575,0.37375,PARTIAL_FILL,SELL
38121701,BTC-STEEM,2018-01-25T17:35:04.52,50.0,0.00057501,0.0287505,FILL,SELL
38121696,BTC-STEEM,2018-01-25T17:35:02.787,2607.22349684,0.00057541,1.50022247,FILL,BUY
38121695,BTC-STEEM,2018-01-25T17:35:02.787,150.0,0.0005754,0.08631,PARTIAL_FILL,BUY
38121694,BTC-STEEM,2018-01-25T17:35:02.787,26.31790059,0.0005754,0.01514331,PARTIAL_FILL,BUY
38121693,BTC-STEEM,2018-01-25T17:35:02.787,87.83362424,0.00057539,0.05053858,PARTIAL_FILL,BUY
38121692,BTC-STEEM,2018-01-25T17:35:02.787,0.00582781,0.00057501,3.35e-06,PARTIAL_FILL,BUY
38121687,BTC-STEEM,2018-01-25T17:34:58.583,2.32207022,0.00057501,0.00133521,FILL,BUY
38121681,BTC-STEEM,2018-01-25T17:34:56.333,39.89100869,0.000575,0.02293732,PARTIAL_FILL,SELL
38121676,BTC-STEEM,2018-01-25T17:34:53.257,147.67210197,0.00057501,0.08491293,FILL,BUY
38121675,BTC-STEEM,2018-01-25T17:34:53.257,781.15834724,0.00057501,0.44917386,PARTIAL_FILL,BUY
38121668,BTC-STEEM,2018-01-25T17:34:47.833,37.73208695,0.000575,0.02169594,PARTIAL_FILL,SELL
38121656,BTC-STEEM,2018-01-25T17:34:40.897,40.97455652,0.000575,0.02356036,PARTIAL_FILL,SELL
38121645,BTC-STEEM,2018-01-25T17:34:33.257,39.016,0.000575,0.0224342,PARTIAL_FILL,SELL
38121620,BTC-STEEM,2018-01-25T17:34:11.19,292.4007171,0.000575,0.16813041,PARTIAL_FILL,SELL
38121599,BTC-STEEM,2018-01-25T17:33:46.847,41.09314782,0.000575,0.02362855,PARTIAL_FILL,SELL
38121598,BTC-STEEM,2018-01-25T17:33:46.847,200.0,0.000575,0.115,PARTIAL_FILL,SELL
38121543,BTC-STEEM,2018-01-25T17:33:11.473,36.89796521,0.000575,0.02121632,PARTIAL_FILL,SELL
38121539,BTC-STEEM,2018-01-25T17:33:09.567,3.99734217,0.00057501,0.00229851,FILL,BUY
38121537,BTC-STEEM,2018-01-25T17:33:08.283,2.72984138,0.000575,0.00156965,PARTIAL_FILL,SELL
38121535,BTC-STEEM,2018-01-25T17:33:07.457,6.019003,0.00057501,0.00346098,FILL,BUY
38121530,BTC-STEEM,2018-01-25T17:33:03.893,43.90627826,0.000575,0.0252461,PARTIAL_FILL,SELL
38121523,BTC-STEEM,2018-01-25T17:33:00.347,60.0,0.000575,0.0345,PARTIAL_FILL,SELL
38121517,BTC-STEEM,2018-01-25T17:32:57.533,40.66380869,0.000575,0.02338168,PARTIAL_FILL,SELL
38121507,BTC-STEEM,2018-01-25T17:32:51.923,8.69550094,0.00057501,0.00499999,FILL,BUY
38121503,BTC-STEEM,2018-01-25T17:32:50.923,37.28231304,0.000575,0.02143732,PARTIAL_FILL,SELL
38121488,BTC-STEEM,2018-01-25T17:32:42.66,44.37650434,0.000575,0.02551648,PARTIAL_FILL,SELL
38121473,BTC-STEEM,2018-01-25T17:32:35.753,38.3536,0.000575,0.02205332,PARTIAL_FILL,SELL
38121461,BTC-STEEM,2018-01-25T17:32:29.487,43.80405217,0.000575,0.02518732,PARTIAL_FILL,SELL
38121456,BTC-STEEM,2018-01-25T17:32:25.377,31.39842933,0.00057501,0.01805441,FILL,BUY
38121436,BTC-STEEM,2018-01-25T17:32:10.923,5.62207854,0.00057501,0.00323275,FILL,BUY
38121421,BTC-STEEM,2018-01-25T17:32:04.05,37.62168695,0.000575,0.02163246,PARTIAL_FILL,SELL
38121415,BTC-STEEM,2018-01-25T17:32:01.533,75.0,0.00057501,0.04312575,FILL,BUY
38121407,BTC-STEEM,2018-01-25T17:31:53.907,200.0,0.000575,0.115,PARTIAL_FILL,SELL
38121397,BTC-STEEM,2018-01-25T17:31:44.377,571.91909342,0.000575,0.32885347,PARTIAL_FILL,SELL
38121378,BTC-STEEM,2018-01-25T17:31:36.847,94.8785943,0.000575,0.05455519,PARTIAL_FILL,SELL
38121367,BTC-STEEM,2018-01-25T17:31:12.063,37.60942608,0.000575,0.02162541,PARTIAL_FILL,SELL
38121363,BTC-STEEM,2018-01-25T17:31:10.657,3.46950488,0.00057501,0.001995,FILL,BUY
38121358,BTC-STEEM,2018-01-25T17:31:06.453,10.867374,0.00057501,0.00624884,FILL,BUY
38121356,BTC-STEEM,2018-01-25T17:31:05.987,44.49916521,0.000575,0.02558701,PARTIAL_FILL,SELL
38121351,BTC-STEEM,2018-01-25T17:31:00.83,2.38822741,0.00057501,0.00137325,FILL,BUY
38121346,BTC-STEEM,2018-01-25T17:30:59.533,3.47880697,0.000575,0.00200031,PARTIAL_FILL,SELL
38121345,BTC-STEEM,2018-01-25T17:30:59.533,34.50679303,0.000575,0.0198414,FILL,SELL
38121341,BTC-STEEM,2018-01-25T17:30:52.033,109.862,0.00057501,0.06317174,FILL,BUY
38121339,BTC-STEEM,2018-01-25T17:30:51.94,4.09841916,0.00057501,0.00235663,FILL,BUY
38121335,BTC-STEEM,2018-01-25T17:30:43.923,34.925,0.00057501,0.02008222,FILL,BUY
38121329,BTC-STEEM,2018-01-25T17:30:41.517,1.73910018,0.00057501,0.00099999,FILL,BUY
38121313,BTC-STEEM,2018-01-25T17:30:31.737,58.385,0.00057501,0.03357195,FILL,BUY
38121307,BTC-STEEM,2018-01-25T17:30:26.83,10.42436888,0.00057501,0.00599411,FILL,BUY
38121302,BTC-STEEM,2018-01-25T17:30:18.033,2.0,0.000575,0.00115,PARTIAL_FILL,SELL
38121301,BTC-STEEM,2018-01-25T17:30:17.907,39.81332173,0.000575,0.02289265,PARTIAL_FILL,SELL
38121293,BTC-STEEM,2018-01-25T17:30:05.953,354.86911228,0.00057501,0.20405328,FILL,BUY
38121287,BTC-STEEM,2018-01-25T17:30:01.28,11.932,0.00057501,0.00686101,FILL,BUY
38121280,BTC-STEEM,2018-01-25T17:29:58.72,32.25152613,0.000575,0.01854462,PARTIAL_FILL,SELL
38121277,BTC-STEEM,2018-01-25T17:29:57.97,11.0884529,0.000575,0.00637586,PARTIAL_FILL,SELL
38121269,BTC-STEEM,2018-01-25T17:29:51.64,1.73472227,0.00057501,0.00099748,FILL,BUY
38121267,BTC-STEEM,2018-01-25T17:29:51.377,8.69550094,0.00057501,0.00499999,FILL,SELL
38121266,BTC-STEEM,2018-01-25T17:29:51.377,123.8828996,0.00057501,0.0712339,FILL,SELL
38121265,BTC-STEEM,2018-01-25T17:29:51.377,32.61480789,0.00057502,0.01875416,FILL,SELL
38121252,BTC-STEEM,2018-01-25T17:29:36.407,2.16659101,0.00057502,0.00124583,PARTIAL_FILL,BUY
38121241,BTC-STEEM,2018-01-25T17:29:30.017,42.18004904,0.00057501,0.02425394,PARTIAL_FILL,SELL
38121236,BTC-STEEM,2018-01-25T17:29:16.827,0.45342354,0.00057502,0.00026072,FILL,SELL
38121235,BTC-STEEM,2018-01-25T17:29:15.907,29.19911012,0.00057536,0.01679999,FILL,BUY
38121233,BTC-STEEM,2018-01-25T17:29:13.767,1.04282536,0.00057536,0.00059999,FILL,BUY
38121228,BTC-STEEM,2018-01-25T17:29:09.017,1.0,0.00057502,0.00057502,PARTIAL_FILL,SELL
38121219,BTC-STEEM,2018-01-25T17:28:46.047,6.62091368,0.00057539,0.0038096,FILL,BUY
38121215,BTC-STEEM,2018-01-25T17:28:44.97,45.54546208,0.00057539,0.0262064,FILL,BUY
38121214,BTC-STEEM,2018-01-25T17:28:44.97,7.37253792,0.00057539,0.00424208,PARTIAL_FILL,BUY
38121202,BTC-STEEM,2018-01-25T17:28:34.92,13.67,0.00057539,0.00786558,FILL,BUY
38121184,BTC-STEEM,2018-01-25T17:28:14.92,247.0,0.00057501,0.14202747,PARTIAL_FILL,BUY
38121183,BTC-STEEM,2018-01-25T17:28:14.92,22.49064451,0.00057501,0.01293234,PARTIAL_FILL,BUY
38121179,BTC-STEEM,2018-01-25T17:28:13.047,8.69550094,0.00057501,0.00499999,FILL,BUY
38121168,BTC-STEEM,2018-01-25T17:27:58.263,23.59023934,0.000575,0.01356438,PARTIAL_FILL,SELL
38121167,BTC-STEEM,2018-01-25T17:27:58.263,18.20817966,0.000575,0.0104697,FILL,SELL
38121159,BTC-STEEM,2018-01-25T17:27:53.89,17.39100189,0.00057501,0.00999999,FILL,SELL
38121158,BTC-STEEM,2018-01-25T17:27:53.89,1.42285266,0.00057501,0.00081815,FILL,SELL
38121148,BTC-STEEM,2018-01-25T17:27:48.86,0.31624752,0.00057501,0.00018184,PARTIAL_FILL,BUY
38121124,BTC-STEEM,2018-01-25T17:27:28.25,1.67518614,0.00057501,0.00096324,FILL,SELL
38121105,BTC-STEEM,2018-01-25T17:26:58.03,3.58225569,0.00057539,0.00206119,FILL,BUY
38121095,BTC-STEEM,2018-01-25T17:26:42.733,13.0,0.00057539,0.00748007,FILL,BUY
38121060,BTC-STEEM,2018-01-25T17:26:25.187,15.0,0.0005754,0.008631,FILL,BUY
38121044,BTC-STEEM,2018-01-25T17:26:13.123,13.02327322,0.00057541,0.00749372,FILL,BUY
38121036,BTC-STEEM,2018-01-25T17:26:09.247,6.0,0.000575,0.00345,PARTIAL_FILL,SELL
38121027,BTC-STEEM,2018-01-25T17:26:00.59,12.08306457,0.000575,0.00694776,PARTIAL_FILL,BUY
38121026,BTC-STEEM,2018-01-25T17:26:00.59,15.88266881,0.00057499,0.00913237,PARTIAL_FILL,BUY
38121015,BTC-STEEM,2018-01-25T17:25:55.28,17.39160681,0.00057499,0.00999999,FILL,SELL
38121014,BTC-STEEM,2018-01-25T17:25:55.28,5.63608803,0.00057499,0.00324069,FILL,SELL
38121009,BTC-STEEM,2018-01-25T17:25:49.887,7.98710181,0.00057499,0.0045925,PARTIAL_FILL,BUY
38121006,BTC-STEEM,2018-01-25T17:25:48.7,2.60874102,0.00057499,0.00149999,FILL,SELL
38121005,BTC-STEEM,2018-01-25T17:25:48.7,1.73916068,0.00057499,0.00099999,FILL,SELL
38121004,BTC-STEEM,2018-01-25T17:25:48.7,24.56360342,0.00057499,0.01412382,FILL,SELL
38121002,BTC-STEEM,2018-01-25T17:25:42.747,60.47877196,0.00057499,0.03477468,PARTIAL_FILL,SELL
38120994,BTC-STEEM,2018-01-25T17:25:37.107,14.95762462,0.00057499,0.00860048,PARTIAL_FILL,BUY
38120987,BTC-STEEM,2018-01-25T17:25:33.123,2.60874102,0.00057499,0.00149999,FILL,BUY
38120985,BTC-STEEM,2018-01-25T17:25:33.06,1.73916068,0.00057499,0.00099999,FILL,BUY
38120976,BTC-STEEM,2018-01-25T17:25:30.03,2.08699281,0.00057499,0.00119999,FILL,BUY
38120973,BTC-STEEM,2018-01-25T17:25:29.06,7.65230699,0.00057499,0.00439999,FILL,BUY
38120971,BTC-STEEM,2018-01-25T17:25:27.56,35.65279396,0.00057499,0.02049999,FILL,BUY
38120969,BTC-STEEM,2018-01-25T17:25:26.81,4.3479017,0.00057499,0.00249999,FILL,BUY
38120965,BTC-STEEM,2018-01-25T17:25:25.263,30.95447822,0.00057499,0.01779851,FILL,BUY
38120964,BTC-STEEM,2018-01-25T17:25:25.263,4.0060241,0.00057499,0.00230342,PARTIAL_FILL,BUY
38120963,BTC-STEEM,2018-01-25T17:25:25.247,2.0,0.00057499,0.00114998,PARTIAL_FILL,BUY
38120962,BTC-STEEM,2018-01-25T17:25:25.247,15.21431811,0.00057499,0.00874808,PARTIAL_FILL,BUY
38120959,BTC-STEEM,2018-01-25T17:25:24.247,4.00006956,0.00057499,0.00229999,FILL,BUY
38120957,BTC-STEEM,2018-01-25T17:25:23.623,2.08699281,0.00057499,0.00119999,FILL,BUY
38120955,BTC-STEEM,2018-01-25T17:25:22.903,3.45089378,0.00057499,0.00198422,FILL,BUY
38120953,BTC-STEEM,2018-01-25T17:25:22.45,4.8696499,0.00057499,0.00279999,FILL,BUY
38120948,BTC-STEEM,2018-01-25T17:25:20.23,8.6958034,0.00057499,0.00499999,FILL,BUY
38120945,BTC-STEEM,2018-01-25T17:25:18.137,2.60869565,0.00057499,0.00149997,FILL,BUY
38120942,BTC-STEEM,2018-01-25T17:25:15.12,16.0,0.00057332,0.00917312,PARTIAL_FILL,SELL
38120941,BTC-STEEM,2018-01-25T17:25:14.763,1.34095535,0.00057499,0.00077103,FILL,BUY
38120923,BTC-STEEM,2018-01-25T17:25:09.53,34.82819567,0.00057241,0.019936,PARTIAL_FILL,BUY
38120919,BTC-STEEM,2018-01-25T17:25:07.56,6.82930522,0.00057241,0.00390916,FILL,SELL
38120909,BTC-STEEM,2018-01-25T17:25:02.747,46.91693543,0.000575,0.02697723,FILL,SELL
38120907,BTC-STEEM,2018-01-25T17:25:02.573,8.68945621,0.00057541,0.00499999,FILL,SELL
38120906,BTC-STEEM,2018-01-25T17:25:02.48,25.97609579,0.00057624,0.01496846,FILL,BUY
38120884,BTC-STEEM,2018-01-25T17:24:49.997,43.55748373,0.00057624,0.02509956,FILL,BUY
38120876,BTC-STEEM,2018-01-25T17:24:43.917,8.67694016,0.00057624,0.00499999,FILL,SELL
38120820,BTC-STEEM,2018-01-25T17:24:13.48,24.97549133,0.00057625,0.01439212,FILL,SELL
38120815,BTC-STEEM,2018-01-25T17:24:09.743,1.2,0.00057625,0.0006915,PARTIAL_FILL,SELL
38120803,BTC-STEEM,2018-01-25T17:23:52.663,99.70354844,0.00057625,0.05745416,PARTIAL_FILL,SELL
38120802,BTC-STEEM,2018-01-25T17:23:52.663,20.0,0.00057709,0.0115418,FILL,SELL
38120801,BTC-STEEM,2018-01-25T17:23:52.663,129.30408611,0.00057709,0.07462009,FILL,SELL
38120800,BTC-STEEM,2018-01-25T17:23:52.663,20.0,0.0005771,0.011542,FILL,SELL
38120799,BTC-STEEM,2018-01-25T17:23:52.663,207.13144361,0.0005771,0.11953555,FILL,SELL
38120798,BTC-STEEM,2018-01-25T17:23:52.663,150.0,0.0005771,0.086565,FILL,SELL
38120797,BTC-STEEM,2018-01-25T17:23:52.663,73.86092184,0.0005771,0.04262513,FILL,SELL
38120776,BTC-STEEM,2018-01-25T17:23:10.1,6.02565188,0.00057736,0.00347897,FILL,BUY
38120768,BTC-STEEM,2018-01-25T17:22:33.367,1.01670836,0.00057737,0.00058701,FILL,BUY
38120766,BTC-STEEM,2018-01-25T17:22:33.07,17.16353022,0.00057737,0.0099097,FILL,BUY
38120762,BTC-STEEM,2018-01-25T17:22:29.63,20.55635646,0.00057738,0.01186882,FILL,SELL
38120760,BTC-STEEM,2018-01-25T17:22:29.147,38.31765908,0.00057738,0.02212384,PARTIAL_FILL,SELL
38120759,BTC-STEEM,2018-01-25T17:22:28.927,1.73193162,0.00057739,0.00099999,FILL,BUY
38120755,BTC-STEEM,2018-01-25T17:22:22.46,21.52753442,0.00057738,0.01242956,PARTIAL_FILL,BUY
38120754,BTC-STEEM,2018-01-25T17:22:22.46,5.0,0.00057737,0.00288685,PARTIAL_FILL,BUY
38120753,BTC-STEEM,2018-01-25T17:22:22.46,35.95488161,0.00057737,0.02075926,PARTIAL_FILL,BUY
38120750,BTC-STEEM,2018-01-25T17:22:18.397,5.23426919,0.00057737,0.00302211,FILL,SELL
38120746,BTC-STEEM,2018-01-25T17:22:10.49,7.0,0.00057738,0.00404166,FILL,BUY
38120736,BTC-STEEM,2018-01-25T17:21:48.053,23.25884167,0.00057739,0.01342942,FILL,BUY
38120735,BTC-STEEM,2018-01-25T17:21:48.053,38.74115833,0.00057738,0.02236836,PARTIAL_FILL,BUY
38120721,BTC-STEEM,2018-01-25T17:21:34.35,29.40556315,0.00057737,0.01697788,PARTIAL_FILL,BUY
38120717,BTC-STEEM,2018-01-25T17:21:32.16,128.02429753,0.0005771,0.07388282,PARTIAL_FILL,SELL
38120716,BTC-STEEM,2018-01-25T17:21:32.16,208.82843347,0.0005771,0.12051488,FILL,SELL
38120711,BTC-STEEM,2018-01-25T17:21:28.96,10.0,0.00057737,0.0057737,FILL,BUY
38120704,BTC-STEEM,2018-01-25T17:21:18.863,57.6247531,0.0005771,0.03325524,PARTIAL_FILL,SELL
38120702,BTC-STEEM,2018-01-25T17:21:14.63,491.65651105,0.0005771,0.28373497,PARTIAL_FILL,SELL
38120701,BTC-STEEM,2018-01-25T17:21:14.63,0.89136055,0.00057711,0.00051441,FILL,SELL
38120691,BTC-STEEM,2018-01-25T17:21:06.16,2.0,0.0005771,0.0011542,PARTIAL_FILL,SELL
38120687,BTC-STEEM,2018-01-25T17:20:57.38,31.63603575,0.00057739,0.01826633,FILL,BUY
38120686,BTC-STEEM,2018-01-25T17:20:57.38,40.93189926,0.00057738,0.02363325,PARTIAL_FILL,BUY
38120684,BTC-STEEM,2018-01-25T17:20:56.38,3.0,0.0005771,0.0017313,PARTIAL_FILL,SELL
38120665,BTC-STEEM,2018-01-25T17:20:32.24,2549.35915078,0.00057739,1.47197448,FILL,BUY
38120664,BTC-STEEM,2018-01-25T17:20:32.24,5.9432686,0.00057739,0.00343158,PARTIAL_FILL,BUY
38120663,BTC-STEEM,2018-01-25T17:20:32.223,36.11588956,0.00057739,0.02085295,PARTIAL_FILL,BUY
38120661,BTC-STEEM,2018-01-25T17:20:30.317,10.0,0.0005771,0.005771,PARTIAL_FILL,SELL
38120628,BTC-STEEM,2018-01-25T17:19:55.25,3.0,0.0005771,0.0017313,PARTIAL_FILL,SELL
38120627,BTC-STEEM,2018-01-25T17:19:54.703,5.5238167,0.00057739,0.00318939,FILL,BUY
38120611,BTC-STEEM,2018-01-25T17:19:40.033,352.37399611,0.0005771,0.20335503,PARTIAL_FILL,SELL
38120610,BTC-STEEM,2018-01-25T17:19:40.033,9.52906678,0.0005771,0.00549922,FILL,SELL
38120609,BTC-STEEM,2018-01-25T17:19:40.033,1282.58122671,0.0005771,0.74017762,FILL,SELL
38120608,BTC-STEEM,2018-01-25T17:19:40.033,27.00692969,0.0005771,0.01558569,FILL,SELL
38120596,BTC-STEEM,2018-01-25T17:19:23.953,19.68037951,0.0005771,0.01135754,PARTIAL_FILL,SELL
38120590,BTC-STEEM,2018-01-25T17:19:21.407,22.13443154,0.00057739,0.01278019,FILL,BUY
38120587,BTC-STEEM,2018-01-25T17:19:19.533,23.3126908,0.0005771,0.01345375,PARTIAL_FILL,SELL
38120586,BTC-STEEM,2018-01-25T17:19:19.533,19.19125355,0.0005771,0.01107527,FILL,SELL
38120585,BTC-STEEM,2018-01-25T17:19:19.533,326.75878916,0.0005771,0.18857249,FILL,SELL
38120584,BTC-STEEM,2018-01-25T17:19:19.533,4.69448978,0.0005771,0.00270919,FILL,SELL
38120583,BTC-STEEM,2018-01-25T17:19:19.533,684.21176709,0.0005771,0.39485861,FILL,SELL
38120582,BTC-STEEM,2018-01-25T17:19:19.533,1.15121916,0.00057711,0.00066438,FILL,SELL
38120579,BTC-STEEM,2018-01-25T17:19:07.657,12.744,0.00057739,0.00735825,FILL,SELL
38120542,BTC-STEEM,2018-01-25T17:18:52.533,6.81295139,0.0005774,0.00393379,FILL,BUY
38120541,BTC-STEEM,2018-01-25T17:18:52.533,43.18704861,0.00057739,0.02493576,PARTIAL_FILL,BUY
38120484,BTC-STEEM,2018-01-25T17:18:24.937,350.88625577,0.0005771,0.20249645,PARTIAL_FILL,SELL
38120483,BTC-STEEM,2018-01-25T17:18:24.937,10.16587942,0.0005774,0.00586977,FILL,SELL
38120482,BTC-STEEM,2018-01-25T17:18:24.923,39.85899414,0.0005774,0.02301458,FILL,SELL
38120477,BTC-STEEM,2018-01-25T17:18:22.313,185.88114688,0.00057711,0.10727386,PARTIAL_FILL,BUY
38120472,BTC-STEEM,2018-01-25T17:18:17.14,8.02177627,0.00057716,0.00462984,FILL,SELL
38120471,BTC-STEEM,2018-01-25T17:18:17.14,5.7,0.00057717,0.00328986,FILL,SELL
38120470,BTC-STEEM,2018-01-25T17:18:17.14,100.0,0.00057739,0.057739,FILL,SELL
38120469,BTC-STEEM,2018-01-25T17:18:17.14,4.23301364,0.00057739,0.00244409,FILL,SELL
38120468,BTC-STEEM,2018-01-25T17:18:17.14,38.35156706,0.00057739,0.02214381,FILL,SELL
38120467,BTC-STEEM,2018-01-25T17:18:17.14,20.0,0.0005774,0.011548,FILL,SELL
38120466,BTC-STEEM,2018-01-25T17:18:17.14,24.14429615,0.0005774,0.01394091,FILL,SELL
38120464,BTC-STEEM,2018-01-25T17:18:16.563,10.63139434,0.00058007,0.00616695,FILL,BUY
38120448,BTC-STEEM,2018-01-25T17:18:06.907,20.94276105,0.0005774,0.01209235,PARTIAL_FILL,SELL
38120447,BTC-STEEM,2018-01-25T17:18:06.907,3.20153497,0.0005774,0.00184856,FILL,SELL
38120428,BTC-STEEM,2018-01-25T17:17:48.64,5.45797316,0.0005774,0.00315143,PARTIAL_FILL,BUY
38120426,BTC-STEEM,2018-01-25T17:17:45.407,43.76525398,0.00057739,0.02526961,PARTIAL_FILL,SELL
38120420,BTC-STEEM,2018-01-25T17:17:34.373,0.93107092,0.0005774,0.0005376,FILL,SELL
38120414,BTC-STEEM,2018-01-25T17:17:26.873,5.68292476,0.00058009,0.0032966,FILL,BUY
38120397,BTC-STEEM,2018-01-25T17:16:50.64,5.02942833,0.0005801,0.00291757,FILL,BUY
38120396,BTC-STEEM,2018-01-25T17:16:50.64,13.28257167,0.00058009,0.00770508,PARTIAL_FILL,BUY
38120392,BTC-STEEM,2018-01-25T17:16:46.78,14.543,0.00058009,0.00843624,FILL,BUY
38120386,BTC-STEEM,2018-01-25T17:16:37.42,10.01721134,0.00058009,0.00581088,FILL,BUY
38120378,BTC-STEEM,2018-01-25T17:16:26.263,51.39192513,0.0005801,0.02981245,FILL,BUY
38120377,BTC-STEEM,2018-01-25T17:16:26.263,34.46723825,0.00058009,0.0199941,PARTIAL_FILL,BUY
38120375,BTC-STEEM,2018-01-25T17:16:25.827,2.71895699,0.00058009,0.00157723,FILL,BUY
38120372,BTC-STEEM,2018-01-25T17:16:22.42,55.94762585,0.00057739,0.03230359,PARTIAL_FILL,SELL
38120369,BTC-STEEM,2018-01-25T17:16:18.09,4.30960179,0.0005801,0.00249999,FILL,BUY
38120365,BTC-STEEM,2018-01-25T17:16:10.45,34.8869682,0.00057739,0.02014338,PARTIAL_FILL,SELL
38120356,BTC-STEEM,2018-01-25T17:16:00.607,110.0,0.0005801,0.063811,FILL,BUY
38120353,BTC-STEEM,2018-01-25T17:15:57.357,105.82456873,0.00057739,0.06110204,PARTIAL_FILL,SELL
38120352,BTC-STEEM,2018-01-25T17:15:57.357,1.56654763,0.00057971,0.00090814,FILL,SELL
38120349,BTC-STEEM,2018-01-25T17:15:54.573,10.0,0.0005801,0.005801,FILL,BUY
38120346,BTC-STEEM,2018-01-25T17:15:50.2,23.81732654,0.0005801,0.01381643,FILL,SELL
38120341,BTC-STEEM,2018-01-25T17:15:38.497,5.1130318,0.00058063,0.00296877,FILL,BUY
38120337,BTC-STEEM,2018-01-25T17:15:33.747,10.0,0.00058063,0.0058063,FILL,SELL
38120334,BTC-STEEM,2018-01-25T17:15:28.2,20.072,0.00058089,0.01165962,FILL,BUY
38120328,BTC-STEEM,2018-01-25T17:15:19.31,26.18267346,0.0005801,0.01518856,PARTIAL_FILL,SELL
38120322,BTC-STEEM,2018-01-25T17:15:04.603,6.98917965,0.00058073,0.00405882,FILL,SELL
38120321,BTC-STEEM,2018-01-25T17:15:04.603,301.17236377,0.00058073,0.17489982,FILL,SELL
38120319,BTC-STEEM,2018-01-25T17:14:56.137,55.94762585,0.00058073,0.03249046,PARTIAL_FILL,SELL
38120315,BTC-STEEM,2018-01-25T17:14:51.777,500.17619685,0.00058073,0.29046732,PARTIAL_FILL,SELL
38120314,BTC-STEEM,2018-01-25T17:14:51.543,18.7340601,0.00058091,0.0108828,FILL,BUY
38120310,BTC-STEEM,2018-01-25T17:14:49.59,275.64971063,0.00058073,0.16007805,PARTIAL_FILL,SELL
38120309,BTC-STEEM,2018-01-25T17:14:49.59,29.0,0.00058073,0.01684117,FILL,SELL
38120308,BTC-STEEM,2018-01-25T17:14:49.59,36.23287167,0.00058073,0.02104151,FILL,SELL
38120307,BTC-STEEM,2018-01-25T17:14:49.59,169.18453179,0.0005808,0.09826237,FILL,SELL
38120296,BTC-STEEM,2018-01-25T17:14:43.26,103.6742968,0.0005808,0.06021403,PARTIAL_FILL,SELL
38120295,BTC-STEEM,2018-01-25T17:14:42.4,30.65977756,0.0005808,0.01780719,PARTIAL_FILL,SELL
38120294,BTC-STEEM,2018-01-25T17:14:42.4,3.9001237,0.0005808,0.00226519,FILL,SELL
38120290,BTC-STEEM,2018-01-25T17:14:35.103,39.03634324,0.0005808,0.0226723,PARTIAL_FILL,SELL
38120284,BTC-STEEM,2018-01-25T17:14:27.12,13.76712833,0.00058073,0.00799498,PARTIAL_FILL,SELL
38120283,BTC-STEEM,2018-01-25T17:14:27.12,0.86989812,0.00058073,0.00050517,FILL,SELL
38120282,BTC-STEEM,2018-01-25T17:14:26.09,12.13968275,0.00058092,0.00705218,FILL,BUY
38120281,BTC-STEEM,2018-01-25T17:14:26.09,2.28483769,0.0005808,0.00132703,PARTIAL_FILL,BUY
38120280,BTC-STEEM,2018-01-25T17:14:26.09,4.68604773,0.00058079,0.0027216,PARTIAL_FILL,BUY
38120278,BTC-STEEM,2018-01-25T17:14:23.683,38.28865913,0.00058079,0.02223767,FILL,BUY
38120272,BTC-STEEM,2018-01-25T17:14:05.527,30.44229855,0.0005808,0.01768088,FILL,SELL
38120271,BTC-STEEM,2018-01-25T17:14:05.51,4.57128099,0.0005808,0.00265499,FILL,SELL
38120267,BTC-STEEM,2018-01-25T17:13:54.213,4.76217202,0.00058092,0.00276644,FILL,BUY
38120266,BTC-STEEM,2018-01-25T17:13:54.213,17.13873197,0.0005809,0.00995588,PARTIAL_FILL,BUY
38120261,BTC-STEEM,2018-01-25T17:13:51.353,12.09132027,0.0005809,0.00702384,FILL,BUY
38120259,BTC-STEEM,2018-01-25T17:13:50.963,14.54598494,0.0005809,0.00844976,FILL,SELL
38120257,BTC-STEEM,2018-01-25T17:13:39.447,20.16726399,0.00058092,0.01171556,FILL,BUY
38120256,BTC-STEEM,2018-01-25T17:13:39.447,37.45748911,0.00058091,0.02175942,PARTIAL_FILL,BUY
38120251,BTC-STEEM,2018-01-25T17:13:34.18,48.36527252,0.00058092,0.02809635,FILL,BUY
38120248,BTC-STEEM,2018-01-25T17:13:28.9,7.37009176,0.00058092,0.00428143,FILL,BUY
38120247,BTC-STEEM,2018-01-25T17:13:28.9,42.62990824,0.00058091,0.02476413,PARTIAL_FILL,BUY
38120245,BTC-STEEM,2018-01-25T17:13:27.837,8.0,0.00058092,0.00464736,FILL,BUY
38120239,BTC-STEEM,2018-01-25T17:13:23.26,28.05894099,0.00058092,0.01629999,FILL,BUY
38120236,BTC-STEEM,2018-01-25T17:13:22.65,3.06433326,0.00058092,0.00178013,FILL,BUY
38120235,BTC-STEEM,2018-01-25T17:13:22.65,5.52118626,0.00058091,0.00320731,PARTIAL_FILL,BUY
38120232,BTC-STEEM,2018-01-25T17:13:21.057,32.80647206,0.00058091,0.0190576,FILL,BUY
38120221,BTC-STEEM,2018-01-25T17:13:04.087,137.501,0.00058092,0.07987708,FILL,BUY
38120218,BTC-STEEM,2018-01-25T17:13:02.383,150.0,0.0005808,0.08712,PARTIAL_FILL,SELL
38120217,BTC-STEEM,2018-01-25T17:13:02.12,137.501,0.00058092,0.07987708,FILL,BUY
38120209,BTC-STEEM,2018-01-25T17:12:53.57,62.957,0.00058092,0.03657298,FILL,BUY
38120208,BTC-STEEM,2018-01-25T17:12:53.57,13.0,0.00058088,0.00755144,PARTIAL_FILL,BUY
38120204,BTC-STEEM,2018-01-25T17:12:48.9,32.57390962,0.00058092,0.01892283,FILL,BUY
38120203,BTC-STEEM,2018-01-25T17:12:48.9,0.05010508,0.00058092,2.91e-05,PARTIAL_FILL,BUY
38120202,BTC-STEEM,2018-01-25T17:12:48.9,42.6644918,0.00058088,0.02478294,PARTIAL_FILL,BUY
38120201,BTC-STEEM,2018-01-25T17:12:48.9,0.6684935,0.00058088,0.00038831,PARTIAL_FILL,BUY
38120189,BTC-STEEM,2018-01-25T17:12:19.227,91.0,0.00058072,0.05284552,PARTIAL_FILL,SELL
38120188,BTC-STEEM,2018-01-25T17:12:19.227,9.0,0.00058073,0.00522657,FILL,SELL
38120186,BTC-STEEM,2018-01-25T17:12:15.43,5.41337785,0.00058088,0.00314452,FILL,BUY
38120185,BTC-STEEM,2018-01-25T17:12:15.43,34.33179623,0.00058073,0.0199375,PARTIAL_FILL,BUY
38120183,BTC-STEEM,2018-01-25T17:12:10.727,1.72143705,0.00058073,0.00099969,FILL,BUY
38120179,BTC-STEEM,2018-01-25T17:12:08.053,9.0,0.00058073,0.00522657,FILL,SELL
38120178,BTC-STEEM,2018-01-25T17:12:04.82,32.78698915,0.00058091,0.01904628,FILL,SELL
38120177,BTC-STEEM,2018-01-25T17:12:04.35,1.5,0.00058091,0.00087136,PARTIAL_FILL,BUY
38120176,BTC-STEEM,2018-01-25T17:12:04.35,172.27778863,0.00058091,0.10007789,PARTIAL_FILL,BUY
38120175,BTC-STEEM,2018-01-25T17:12:04.35,43.70318471,0.0005809,0.02538717,PARTIAL_FILL,BUY
38120164,BTC-STEEM,2018-01-25T17:11:52.79,7.24039853,0.00058091,0.00420601,FILL,BUY
38120162,BTC-STEEM,2018-01-25T17:11:52.367,65.228,0.00058091,0.03789159,FILL,BUY
38120152,BTC-STEEM,2018-01-25T17:11:36.837,40.13371332,0.00058072,0.02330644,PARTIAL_FILL,SELL
38120151,BTC-STEEM,2018-01-25T17:11:35.587,40.06681284,0.00058091,0.02327521,FILL,SELL
38120150,BTC-STEEM,2018-01-25T17:11:35.443,5.26440785,0.00058076,0.00305735,PARTIAL_FILL,BUY
38120149,BTC-STEEM,2018-01-25T17:11:35.443,1.0906926,0.00058073,0.00063339,PARTIAL_FILL,BUY
38120141,BTC-STEEM,2018-01-25T17:11:23.367,13.223625,0.00058072,0.00767922,PARTIAL_FILL,SELL
38120137,BTC-STEEM,2018-01-25T17:11:19.507,42.56287023,0.00058072,0.0247171,PARTIAL_FILL,SELL
38120133,BTC-STEEM,2018-01-25T17:11:14.867,4.70553151,0.00058072,0.00273259,PARTIAL_FILL,SELL
38120126,BTC-STEEM,2018-01-25T17:11:11.913,36.83411971,0.00058072,0.0213903,PARTIAL_FILL,SELL
38120121,BTC-STEEM,2018-01-25T17:11:11.32,42.763906,0.00058072,0.02483385,PARTIAL_FILL,SELL
38120113,BTC-STEEM,2018-01-25T17:11:06.693,86.64101588,0.00058073,0.05031503,FILL,SELL
38120112,BTC-STEEM,2018-01-25T17:11:06.693,1.00536766,0.00058073,0.00058384,FILL,SELL
38120058,BTC-STEEM,2018-01-25T17:10:36.177,28.70422269,0.00058091,0.01667457,FILL,BUY
38120047,BTC-STEEM,2018-01-25T17:10:32.88,218.34917443,0.00058072,0.12679973,PARTIAL_FILL,SELL
38120043,BTC-STEEM,2018-01-25T17:10:29.037,19.94989492,0.00058092,0.01158929,FILL,BUY
38120042,BTC-STEEM,2018-01-25T17:10:29.037,0.04007926,0.00058076,2.327e-05,PARTIAL_FILL,BUY
38120035,BTC-STEEM,2018-01-25T17:10:23.71,15.99251373,0.00058076,0.00928781,FILL,BUY
38120018,BTC-STEEM,2018-01-25T17:10:16.787,16.03259299,0.00058076,0.00931108,FILL,SELL
38120011,BTC-STEEM,2018-01-25T17:10:13.817,50.0,0.00058076,0.029038,PARTIAL_FILL,BUY
38120010,BTC-STEEM,2018-01-25T17:10:13.817,89.27426479,0.00058076,0.05184692,PARTIAL_FILL,BUY
38120009,BTC-STEEM,2018-01-25T17:10:13.817,508.19065667,0.00058076,0.2951368,PARTIAL_FILL,BUY
38120008,BTC-STEEM,2018-01-25T17:10:13.817,19.71047891,0.00058075,0.01144686,PARTIAL_FILL,BUY
38119995,BTC-STEEM,2018-01-25T17:10:05.55,19.54109348,0.00058075,0.01134849,FILL,BUY
38119989,BTC-STEEM,2018-01-25T17:10:00.99,2.066258,0.00058075,0.00119997,FILL,BUY
38119980,BTC-STEEM,2018-01-25T17:09:42.723,22.46845237,0.00057879,0.01300451,PARTIAL_FILL,BUY
38119965,BTC-STEEM,2018-01-25T17:09:24.63,1.97822373,0.00057716,0.00114175,PARTIAL_FILL,SELL
38119964,BTC-STEEM,2018-01-25T17:09:24.63,44.30789352,0.00057716,0.02557274,FILL,SELL
38119963,BTC-STEEM,2018-01-25T17:09:22.66,17.28320194,0.00057879,0.01000334,FILL,BUY
38119956,BTC-STEEM,2018-01-25T17:09:09.05,3.0,0.00058076,0.00174228,FILL,BUY
38119947,BTC-STEEM,2018-01-25T17:09:00.457,44.30789352,0.00058076,0.02573225,FILL,BUY
38119946,BTC-STEEM,2018-01-25T17:09:00.457,80.34683921,0.00057886,0.04650957,PARTIAL_FILL,BUY
38119945,BTC-STEEM,2018-01-25T17:09:00.457,80.34683921,0.0005788,0.04650475,PARTIAL_FILL,BUY
38119941,BTC-STEEM,2018-01-25T17:08:56.72,34.06072196,0.0005788,0.01971434,FILL,BUY
38119930,BTC-STEEM,2018-01-25T17:08:43.733,89.27426579,0.00058076,0.05184692,FILL,SELL
38119923,BTC-STEEM,2018-01-25T17:08:36.64,19.368584,0.00058076,0.01124849,PARTIAL_FILL,SELL
38119895,BTC-STEEM,2018-01-25T17:08:13.92,5.61167393,0.00058076,0.00325903,FILL,BUY
38119894,BTC-STEEM,2018-01-25T17:08:13.92,39.57701248,0.00058075,0.02298434,PARTIAL_FILL,BUY
38119893,BTC-STEEM,2018-01-25T17:08:13.92,47.18593384,0.0005799,0.02736312,PARTIAL_FILL,BUY
38119891,BTC-STEEM,2018-01-25T17:08:11.873,1.37506616,0.0005799,0.0007974,FILL,SELL
38119824,BTC-STEEM,2018-01-25T17:07:44.327,824.90553945,0.00058081,0.47911338,FILL,BUY
38119823,BTC-STEEM,2018-01-25T17:07:44.327,21.5752009,0.00058,0.01251361,PARTIAL_FILL,BUY
38119794,BTC-STEEM,2018-01-25T17:07:28.077,840.79423049,0.00058,0.48766065,FILL,BUY
38119793,BTC-STEEM,2018-01-25T17:07:28.077,38.11279504,0.00057999,0.02210503,PARTIAL_FILL,BUY
38119766,BTC-STEEM,2018-01-25T17:07:14.403,198.69185056,0.00058,0.11524127,FILL,BUY
38119765,BTC-STEEM,2018-01-25T17:07:14.403,41.55033707,0.00057999,0.02409877,PARTIAL_FILL,BUY
38119755,BTC-STEEM,2018-01-25T17:07:09.123,20.0,0.00058,0.0116,FILL,SELL
38119719,BTC-STEEM,2018-01-25T17:06:48.607,49.6617631,0.00058,0.02880382,PARTIAL_FILL,SELL
38119710,BTC-STEEM,2018-01-25T17:06:42.077,86.99820689,0.00058,0.05045895,PARTIAL_FILL,BUY
38119698,BTC-STEEM,2018-01-25T17:06:36.653,63.00179311,0.00058,0.03654104,FILL,BUY
38119697,BTC-STEEM,2018-01-25T17:06:36.653,1136.99820689,0.0005799,0.65934526,PARTIAL_FILL,BUY
38119689,BTC-STEEM,2018-01-25T17:06:34.607,10.0,0.00057989,0.0057989,PARTIAL_FILL,SELL
38119684,BTC-STEEM,2018-01-25T17:06:28.327,5.0,0.0005799,0.0028995,FILL,BUY
38119675,BTC-STEEM,2018-01-25T17:06:24.373,16.300147,0.00057989,0.00945229,PARTIAL_FILL,SELL
38119673,BTC-STEEM,2018-01-25T17:06:23.217,71.40086138,0.00057989,0.04140464,PARTIAL_FILL,SELL
38119665,BTC-STEEM,2018-01-25T17:06:17.34,127.79183995,0.00057989,0.07410521,PARTIAL_FILL,SELL
38119658,BTC-STEEM,2018-01-25T17:06:12.403,84.222179,0.00057989,0.04883959,PARTIAL_FILL,SELL
38119656,BTC-STEEM,2018-01-25T17:06:12.373,32.0531,0.00057989,0.01858727,PARTIAL_FILL,SELL
38119654,BTC-STEEM,2018-01-25T17:06:10.7,172.03904343,0.00057989,0.09976372,PARTIAL_FILL,BUY
38119653,BTC-STEEM,2018-01-25T17:06:10.7,18.80452004,0.00057947,0.01089665,PARTIAL_FILL,BUY
38119652,BTC-STEEM,2018-01-25T17:06:10.7,9.0,0.0005794,0.0052146,PARTIAL_FILL,BUY
38119651,BTC-STEEM,2018-01-25T17:06:10.7,37.18193836,0.00057913,0.02153317,PARTIAL_FILL,BUY
38119650,BTC-STEEM,2018-01-25T17:06:10.7,170.26906882,0.00057712,0.09826568,PARTIAL_FILL,BUY
38119649,BTC-STEEM,2018-01-25T17:06:10.7,93.039,0.00057712,0.05369466,PARTIAL_FILL,BUY
38119648,BTC-STEEM,2018-01-25T17:06:10.7,312.89692931,0.00057712,0.18057907,PARTIAL_FILL,BUY
38119643,BTC-STEEM,2018-01-25T17:06:03.14,821.23431234,0.0005771,0.47393432,PARTIAL_FILL,SELL
38119641,BTC-STEEM,2018-01-25T17:06:01.123,940.22834,0.00057712,0.54262457,FILL,BUY
38119637,BTC-STEEM,2018-01-25T17:05:58.31,14.1,0.00057712,0.00813739,FILL,BUY
38119635,BTC-STEEM,2018-01-25T17:05:58.2,17.938,0.00057712,0.01035237,FILL,BUY
38119633,BTC-STEEM,2018-01-25T17:05:58.107,99.0,0.0005771,0.0571329,PARTIAL_FILL,SELL
38119632,BTC-STEEM,2018-01-25T17:05:56.92,864.11838092,0.00057712,0.49869999,FILL,BUY
38119628,BTC-STEEM,2018-01-25T17:05:52.89,3.0,0.0005771,0.0017313,PARTIAL_FILL,SELL
38119627,BTC-STEEM,2018-01-25T17:05:52.827,90.0,0.00057712,0.0519408,FILL,BUY
38119624,BTC-STEEM,2018-01-25T17:05:51.28,43.70044185,0.00057712,0.02522039,FILL,BUY
38119622,BTC-STEEM,2018-01-25T17:05:49.467,325.33951631,0.0005771,0.18775343,PARTIAL_FILL,SELL
38119621,BTC-STEEM,2018-01-25T17:05:49.28,27.47,0.0005771,0.01585293,PARTIAL_FILL,SELL
38119620,BTC-STEEM,2018-01-25T17:05:46.263,31.90420685,0.0005771,0.01841191,PARTIAL_FILL,SELL
38119619,BTC-STEEM,2018-01-25T17:05:41.7,322.63537298,0.00057712,0.18619932,FILL,BUY
38119618,BTC-STEEM,2018-01-25T17:05:41.7,39.80220408,0.00057711,0.02297024,PARTIAL_FILL,BUY
38119608,BTC-STEEM,2018-01-25T17:05:32.607,38.04444557,0.0005771,0.02195544,PARTIAL_FILL,SELL
38119605,BTC-STEEM,2018-01-25T17:05:30.95,8.66370945,0.00057712,0.00499999,FILL,BUY
38119603,BTC-STEEM,2018-01-25T17:05:29.95,20.6925,0.00057712,0.01194205,FILL,BUY
38119593,BTC-STEEM,2018-01-25T17:05:23.62,5.19822567,0.00057712,0.00299999,FILL,BUY
38119569,BTC-STEEM,2018-01-25T17:05:08.12,139.88118489,0.00057712,0.08072822,FILL,BUY
38119567,BTC-STEEM,2018-01-25T17:05:05.29,5.38649478,0.00057712,0.00310865,FILL,SELL
38119555,BTC-STEEM,2018-01-25T17:04:52.48,44.61350522,0.00057712,0.02574734,PARTIAL_FILL,SELL
38119548,BTC-STEEM,2018-01-25T17:04:48.337,305.71161836,0.00057712,0.17643228,PARTIAL_FILL,BUY
38119546,BTC-STEEM,2018-01-25T17:04:48.18,50.0,0.00057712,0.028856,FILL,BUY
38119544,BTC-STEEM,2018-01-25T17:04:48.163,50.0,0.00057712,0.028856,FILL,BUY
38119542,BTC-STEEM,2018-01-25T17:04:48.15,50.0,0.00057712,0.028856,FILL,BUY
38119536,BTC-STEEM,2018-01-25T17:04:46.837,131.07201154,0.00057712,0.07564427,FILL,SELL
38119534,BTC-STEEM,2018-01-25T17:04:43.977,37.04575071,0.00057939,0.02146393,FILL,SELL
38119531,BTC-STEEM,2018-01-25T17:04:42.21,42.86753309,0.00057939,0.02483701,PARTIAL_FILL,BUY
38119489,BTC-STEEM,2018-01-25T17:04:10.9,49.57499762,0.00057939,0.02872325,FILL,BUY
38119483,BTC-STEEM,2018-01-25T17:04:06.1,391.72213578,0.0005771,0.22606284,PARTIAL_FILL,SELL
38119482,BTC-STEEM,2018-01-25T17:04:06.1,68.55063335,0.000578,0.03962226,FILL,SELL
38119471,BTC-STEEM,2018-01-25T17:04:00.257,3.7611548,0.0005794,0.00217921,FILL,SELL
38119469,BTC-STEEM,2018-01-25T17:03:58.46,3.309,0.0005794,0.00191723,PARTIAL_FILL,SELL
38119461,BTC-STEEM,2018-01-25T17:03:40.867,585.25975424,0.0005771,0.3377534,PARTIAL_FILL,SELL
38119460,BTC-STEEM,2018-01-25T17:03:40.867,1.52387565,0.0005771,0.00087942,FILL,SELL
38119457,BTC-STEEM,2018-01-25T17:03:20.1,1.98780859,0.0005794,0.00115173,FILL,BUY
38119364,BTC-STEEM,2018-01-25T17:01:52.88,17.25714877,0.00057944,0.00999948,FILL,BUY
38119358,BTC-STEEM,2018-01-25T17:01:45.787,1.72577444,0.00057944,0.00099998,FILL,BUY
38119348,BTC-STEEM,2018-01-25T17:01:31.27,3.09545875,0.00057946,0.00179369,FILL,BUY
38119326,BTC-STEEM,2018-01-25T17:01:13.473,20.87,0.00057946,0.01209333,FILL,BUY
38119311,BTC-STEEM,2018-01-25T17:00:51.393,20.1951963,0.00057947,0.01170251,FILL,BUY
38119309,BTC-STEEM,2018-01-25T17:00:50.863,3.79657273,0.00057947,0.00219999,FILL,BUY
38119305,BTC-STEEM,2018-01-25T17:00:49.47,35.912,0.00057709,0.02072445,PARTIAL_FILL,SELL
38119290,BTC-STEEM,2018-01-25T17:00:41.41,8.2118038,0.00057947,0.00475849,FILL,BUY
38119287,BTC-STEEM,2018-01-25T17:00:38.707,33.694,0.00057947,0.01952466,FILL,BUY
38119284,BTC-STEEM,2018-01-25T17:00:37.41,5.69485909,0.00057947,0.00329999,FILL,BUY
38119279,BTC-STEEM,2018-01-25T17:00:34.94,15.0,0.00057947,0.00869205,FILL,BUY
38119274,BTC-STEEM,2018-01-25T17:00:31.003,40.752,0.00057947,0.02361456,FILL,BUY
38119270,BTC-STEEM,2018-01-25T17:00:25.753,2.58852764,0.00057947,0.00149997,FILL,BUY
38119268,BTC-STEEM,2018-01-25T17:00:23.55,3.45089378,0.00057947,0.00199968,FILL,BUY
38119264,BTC-STEEM,2018-01-25T17:00:22.503,23.29353302,0.00057947,0.0134979,FILL,BUY
38119262,BTC-STEEM,2018-01-25T17:00:20.783,8.62723445,0.00057947,0.00499922,FILL,BUY
38119256,BTC-STEEM,2018-01-25T17:00:16.813,8.62723445,0.00057948,0.0049993,FILL,BUY
38119236,BTC-STEEM,2018-01-25T16:59:51.25,130.92507789,0.00057972,0.07589988,FILL,BUY
38119235,BTC-STEEM,2018-01-25T16:59:51.25,172.49706755,0.00057972,0.1,PARTIAL_FILL,BUY
38119234,BTC-STEEM,2018-01-25T16:59:51.25,44.60130425,0.00057964,0.02585269,PARTIAL_FILL,BUY
38119227,BTC-STEEM,2018-01-25T16:59:41.737,321.88182331,0.00057965,0.18657879,FILL,BUY
38119222,BTC-STEEM,2018-01-25T16:59:38.08,99.89946354,0.00057709,0.05765098,PARTIAL_FILL,SELL
38119221,BTC-STEEM,2018-01-25T16:59:38.08,1.04855907,0.00057709,0.00060511,FILL,SELL
38119220,BTC-STEEM,2018-01-25T16:59:38.08,21.65518197,0.00057727,0.01250088,FILL,SELL
38119212,BTC-STEEM,2018-01-25T16:59:28.377,2.06932229,0.00057981,0.00119981,FILL,BUY
38119208,BTC-STEEM,2018-01-25T16:59:25.173,68.54057031,0.00057727,0.03956641,PARTIAL_FILL,SELL
38119201,BTC-STEEM,2018-01-25T16:59:16.11,9.80424772,0.00057727,0.00565969,PARTIAL_FILL,SELL
38119200,BTC-STEEM,2018-01-25T16:59:16.11,9.0688,0.00057727,0.00523514,FILL,SELL
38119199,BTC-STEEM,2018-01-25T16:59:16.11,1.27338627,0.00057826,0.00073634,FILL,SELL
38119198,BTC-STEEM,2018-01-25T16:59:16.11,156.08947783,0.00057844,0.09028839,FILL,SELL
38119197,BTC-STEEM,2018-01-25T16:59:14.58,124.25855233,0.00057844,0.07187611,PARTIAL_FILL,SELL
38119196,BTC-STEEM,2018-01-25T16:59:14.58,631.47694024,0.0005799,0.36619347,FILL,SELL
38119194,BTC-STEEM,2018-01-25T16:59:12.86,325.23896424,0.0005799,0.18860607,PARTIAL_FILL,SELL
38119193,BTC-STEEM,2018-01-25T16:59:12.86,1.09694757,0.00057991,0.00063613,FILL,SELL
38119189,BTC-STEEM,2018-01-25T16:59:09.423,944.66937,0.0005799,0.54781376,PARTIAL_FILL,SELL
38119187,BTC-STEEM,2018-01-25T16:59:06.47,1119.86831674,0.0005799,0.64941163,PARTIAL_FILL,SELL
38119186,BTC-STEEM,2018-01-25T16:59:06.47,1.10127756,0.00057991,0.00063864,FILL,SELL
38119185,BTC-STEEM,2018-01-25T16:59:06.47,91.51397322,0.00057997,0.05307535,FILL,SELL
38119184,BTC-STEEM,2018-01-25T16:59:06.47,136.36690715,0.00057997,0.07908871,FILL,SELL
38119183,BTC-STEEM,2018-01-25T16:59:03.58,8.29849391,0.00058091,0.00482067,FILL,BUY
38119178,BTC-STEEM,2018-01-25T16:58:48.483,35.882,0.00057997,0.02081048,PARTIAL_FILL,SELL
38119176,BTC-STEEM,2018-01-25T16:58:47.423,3.12697946,0.00057997,0.00181355,PARTIAL_FILL,SELL
38119160,BTC-STEEM,2018-01-25T16:58:28.47,168.61022634,0.00057997,0.09778887,PARTIAL_FILL,SELL
38119148,BTC-STEEM,2018-01-25T16:58:16.063,2.28199986,0.00058091,0.00132563,FILL,SELL
38119147,BTC-STEEM,2018-01-25T16:58:16.063,226.10280697,0.00058091,0.13134538,FILL,SELL
38119139,BTC-STEEM,2018-01-25T16:57:58.983,284.11547082,0.00058091,0.16504551,PARTIAL_FILL,BUY
38119138,BTC-STEEM,2018-01-25T16:57:58.983,13.06790176,0.0005805,0.00758591,PARTIAL_FILL,BUY
38119136,BTC-STEEM,2018-01-25T16:57:58.687,243.95395136,0.00058091,0.14171528,FILL,BUY
38119135,BTC-STEEM,2018-01-25T16:57:58.687,33.05752249,0.00058091,0.01920344,PARTIAL_FILL,BUY
38119096,BTC-STEEM,2018-01-25T16:57:09.403,6.02696564,0.00058091,0.00350112,FILL,BUY
38119095,BTC-STEEM,2018-01-25T16:57:09.387,1.123,0.0005805,0.0006519,PARTIAL_FILL,BUY
38119090,BTC-STEEM,2018-01-25T16:57:03.263,948.0,0.0005799,0.5497452,PARTIAL_FILL,SELL
38119087,BTC-STEEM,2018-01-25T16:57:02.387,1191.11888679,0.0005799,0.69072984,PARTIAL_FILL,SELL
38119086,BTC-STEEM,2018-01-25T16:57:02.387,72.79016156,0.00057998,0.04221683,FILL,SELL
38119082,BTC-STEEM,2018-01-25T16:56:58.903,55.820846,0.00057997,0.03237441,PARTIAL_FILL,SELL
38119078,BTC-STEEM,2018-01-25T16:56:56.59,261.07894465,0.00057997,0.15141795,PARTIAL_FILL,SELL
38119077,BTC-STEEM,2018-01-25T16:56:56.543,140.43433871,0.00057997,0.0814477,PARTIAL_FILL,SELL
38119072,BTC-STEEM,2018-01-25T16:56:50.793,214.75854315,0.00057997,0.12455351,PARTIAL_FILL,SELL
38119052,BTC-STEEM,2018-01-25T16:56:43.17,42.64196186,0.00057843,0.02466538,PARTIAL_FILL,BUY
38119048,BTC-STEEM,2018-01-25T16:56:41.903,65.58948801,0.00057844,0.03793958,FILL,BUY
38119044,BTC-STEEM,2018-01-25T16:56:38.903,56.86527851,0.00057844,0.03289315,FILL,BUY
38119041,BTC-STEEM,2018-01-25T16:56:36.653,148.65933091,0.00057843,0.08598901,PARTIAL_FILL,SELL
38119040,BTC-STEEM,2018-01-25T16:56:36.653,342.46971899,0.00057844,0.19809818,FILL,SELL
38119039,BTC-STEEM,2018-01-25T16:56:36.51,94.11570996,0.00057844,0.05444029,PARTIAL_FILL,SELL
38119038,BTC-STEEM,2018-01-25T16:56:34.42,20.0,0.00057844,0.0115688,PARTIAL_FILL,SELL
38119037,BTC-STEEM,2018-01-25T16:56:34.42,1036.6384286,0.00057844,0.59963313,PARTIAL_FILL,SELL
38119033,BTC-STEEM,2018-01-25T16:56:32.043,155.83214245,0.00057844,0.09013954,PARTIAL_FILL,SELL
38119022,BTC-STEEM,2018-01-25T16:56:27.09,11.77,0.00057842,0.006808,PARTIAL_FILL,SELL
38119021,BTC-STEEM,2018-01-25T16:56:25.26,11.77,0.00058092,0.00683742,FILL,SELL
38119017,BTC-STEEM,2018-01-25T16:56:22.027,144.06214245,0.00057842,0.08332842,PARTIAL_FILL,SELL
38119014,BTC-STEEM,2018-01-25T16:56:20.81,129.85625931,0.00057842,0.07511145,PARTIAL_FILL,SELL
38119010,BTC-STEEM,2018-01-25T16:56:18.95,7.20588314,0.00058,0.00417941,FILL,BUY
38119009,BTC-STEEM,2018-01-25T16:56:18.95,70.81830586,0.0005795,0.0410392,PARTIAL_FILL,BUY
38119006,BTC-STEEM,2018-01-25T16:56:17.653,134.18154652,0.00057956,0.07776625,FILL,SELL
38119005,BTC-STEEM,2018-01-25T16:56:17.653,9.88059593,0.00057962,0.00572699,FILL,SELL
38119004,BTC-STEEM,2018-01-25T16:56:17.183,7.0,0.00058,0.00406,FILL,SELL
38119001,BTC-STEEM,2018-01-25T16:56:15.933,3.79572119,0.00058349,0.00221476,FILL,BUY
38118998,BTC-STEEM,2018-01-25T16:56:13.713,1.6e-07,0.0005796,0.0,PARTIAL_FILL,BUY
38118995,BTC-STEEM,2018-01-25T16:56:11.917,22.47126908,0.00057842,0.01299783,PARTIAL_FILL,SELL
38118994,BTC-STEEM,2018-01-25T16:56:11.917,0.93327409,0.000579,0.00054036,FILL,SELL
38118993,BTC-STEEM,2018-01-25T16:56:11.917,188.20852377,0.0005795,0.10906683,FILL,SELL
38118992,BTC-STEEM,2018-01-25T16:56:11.917,37.18193371,0.00057957,0.02154953,FILL,SELL
38118991,BTC-STEEM,2018-01-25T16:56:11.903,74.43732258,0.00057958,0.04314238,FILL,SELL
38118989,BTC-STEEM,2018-01-25T16:56:10.573,95.97844,0.0005796,0.0556291,FILL,BUY
38118987,BTC-STEEM,2018-01-25T16:56:10.56,70.444613,0.0005796,0.04082969,FILL,BUY
38118985,BTC-STEEM,2018-01-25T16:56:10.073,9.88059609,0.0005796,0.00572679,FILL,SELL
38118979,BTC-STEEM,2018-01-25T16:56:05.59,161.20967742,0.00057958,0.0934339,PARTIAL_FILL,SELL
38118971,BTC-STEEM,2018-01-25T16:56:00.697,188.07795699,0.00057956,0.10900246,PARTIAL_FILL,SELL
38118967,BTC-STEEM,2018-01-25T16:55:56.98,35.3048128,0.00058501,0.02065366,FILL,BUY
38118966,BTC-STEEM,2018-01-25T16:55:56.98,37.18286324,0.0005843,0.02172594,PARTIAL_FILL,BUY
38118965,BTC-STEEM,2018-01-25T16:55:56.98,25.16123551,0.000584,0.01469416,PARTIAL_FILL,BUY
38118964,BTC-STEEM,2018-01-25T16:55:56.98,3.5,0.000584,0.002044,PARTIAL_FILL,BUY
38118963,BTC-STEEM,2018-01-25T16:55:56.98,39.31852663,0.00058397,0.02296083,PARTIAL_FILL,BUY
38118929,BTC-STEEM,2018-01-25T16:55:31.837,106.4586384,0.00058215,0.06197489,FILL,SELL
38118925,BTC-STEEM,2018-01-25T16:55:23.65,49.77817358,0.00058215,0.02897836,PARTIAL_FILL,BUY
38118924,BTC-STEEM,2018-01-25T16:55:23.65,64.103,0.00058213,0.03731627,PARTIAL_FILL,BUY
38118914,BTC-STEEM,2018-01-25T16:55:12.493,96.23665735,0.00058215,0.05602417,FILL,BUY
38118913,BTC-STEEM,2018-01-25T16:55:12.493,39.6319442,0.00058214,0.02307133,PARTIAL_FILL,BUY
38118912,BTC-STEEM,2018-01-25T16:55:12.493,6.20339845,0.000582,0.00361037,PARTIAL_FILL,BUY
38118899,BTC-STEEM,2018-01-25T16:55:03.057,3.79660155,0.000582,0.00220962,FILL,SELL
38118893,BTC-STEEM,2018-01-25T16:54:59.523,9.74444381,0.000582,0.00567126,FILL,SELL
38118880,BTC-STEEM,2018-01-25T16:54:47.273,105.78914291,0.00058198,0.06156716,FILL,SELL
38118877,BTC-STEEM,2018-01-25T16:54:46.32,15.94894096,0.00058215,0.00928467,FILL,BUY
38118876,BTC-STEEM,2018-01-25T16:54:46.32,11.30520643,0.00058199,0.00657951,PARTIAL_FILL,BUY
38118875,BTC-STEEM,2018-01-25T16:54:46.32,48.1551734,0.00058199,0.02802582,PARTIAL_FILL,BUY
38118863,BTC-STEEM,2018-01-25T16:54:36.54,1.95949583,0.00058198,0.00114038,PARTIAL_FILL,BUY
38118862,BTC-STEEM,2018-01-25T16:54:36.54,41.98334937,0.00058196,0.02443262,PARTIAL_FILL,BUY
38118859,BTC-STEEM,2018-01-25T16:54:33.523,88.34116398,0.00058195,0.05141014,FILL,SELL
38118852,BTC-STEEM,2018-01-25T16:54:19.79,741.49049692,0.00058198,0.43153263,FILL,BUY
38118851,BTC-STEEM,2018-01-25T16:54:19.79,40.07579428,0.00058197,0.0233229,PARTIAL_FILL,BUY
38118841,BTC-STEEM,2018-01-25T16:54:02.773,13.0,0.00058195,0.00756535,PARTIAL_FILL,SELL
38118839,BTC-STEEM,2018-01-25T16:53:57.523,102.597425,0.00058198,0.05970964,FILL,BUY
38118837,BTC-STEEM,2018-01-25T16:53:53.99,50.38449178,0.00058198,0.02932276,FILL,BUY
38118836,BTC-STEEM,2018-01-25T16:53:53.99,242.33739322,0.00058196,0.14103066,PARTIAL_FILL,BUY
38118833,BTC-STEEM,2018-01-25T16:53:53.117,3.42448096,0.00058195,0.00199287,PARTIAL_FILL,SELL
38118831,BTC-STEEM,2018-01-25T16:53:50.617,1.7182721,0.00058196,0.00099996,FILL,BUY
38118820,BTC-STEEM,2018-01-25T16:53:41.507,17.25629271,0.00058196,0.01004247,FILL,SELL
38118819,BTC-STEEM,2018-01-25T16:53:41.507,4.84448549,0.00058196,0.00281929,FILL,SELL
38118787,BTC-STEEM,2018-01-25T16:53:09.99,50.0,0.00058195,0.0290975,PARTIAL_FILL,BUY
38118762,BTC-STEEM,2018-01-25T16:52:52.617,76.08479371,0.00058198,0.04427982,FILL,BUY
38118761,BTC-STEEM,2018-01-25T16:52:52.617,43.00546429,0.00058196,0.02502745,PARTIAL_FILL,BUY
38118741,BTC-STEEM,2018-01-25T16:52:25.083,76.97181327,0.00058197,0.04479528,FILL,BUY
38118709,BTC-STEEM,2018-01-25T16:52:01.32,0.80049019,0.00058198,0.00046586,FILL,BUY
38118708,BTC-STEEM,2018-01-25T16:52:01.32,36.67015481,0.00058197,0.02134092,PARTIAL_FILL,BUY
38118704,BTC-STEEM,2018-01-25T16:51:58.053,12.00764694,0.00057806,0.00694114,PARTIAL_FILL,SELL
38118697,BTC-STEEM,2018-01-25T16:51:49.193,10.51833731,0.00058198,0.00612146,FILL,BUY
38118695,BTC-STEEM,2018-01-25T16:51:49.07,16.17995082,0.00058198,0.0094164,FILL,BUY
38118684,BTC-STEEM,2018-01-25T16:51:46.68,2.87249348,0.00058199,0.00167176,FILL,BUY
38118677,BTC-STEEM,2018-01-25T16:51:43.96,13.244061,0.00058199,0.00770791,FILL,BUY
38118659,BTC-STEEM,2018-01-25T16:51:32.867,11.30520643,0.00058199,0.00657951,FILL,SELL
38118652,BTC-STEEM,2018-01-25T16:51:25.787,41.07737256,0.00058199,0.02390662,PARTIAL_FILL,SELL
38118636,BTC-STEEM,2018-01-25T16:51:17.287,37.4135312,0.000584,0.0218495,FILL,BUY
38118635,BTC-STEEM,2018-01-25T16:51:17.287,24.9193418,0.00058215,0.01450679,PARTIAL_FILL,BUY
38118629,BTC-STEEM,2018-01-25T16:51:14.897,34.47171257,0.00058199,0.02006219,PARTIAL_FILL,SELL
38118624,BTC-STEEM,2018-01-25T16:51:11.757,92.48196092,0.00058198,0.05382265,PARTIAL_FILL,BUY
38118623,BTC-STEEM,2018-01-25T16:51:11.757,43.98185161,0.00058187,0.02559171,PARTIAL_FILL,BUY
38118617,BTC-STEEM,2018-01-25T16:51:05.677,5.04270832,0.00058188,0.00293425,FILL,BUY
38118614,BTC-STEEM,2018-01-25T16:51:04.85,6.782856,0.00058188,0.0039468,FILL,SELL
38118613,BTC-STEEM,2018-01-25T16:51:04.85,27.19212634,0.00058188,0.01582255,FILL,SELL
38118612,BTC-STEEM,2018-01-25T16:51:04.6,56.75643874,0.00058198,0.03303111,FILL,SELL
38118611,BTC-STEEM,2018-01-25T16:51:04.6,2868.39281106,0.00058198,1.66934724,FILL,SELL
38118610,BTC-STEEM,2018-01-25T16:51:04.6,1.17935098,0.00058199,0.00068637,FILL,SELL
38118604,BTC-STEEM,2018-01-25T16:50:59.913,93.6613119,0.00058198,0.05450901,PARTIAL_FILL,SELL
38118603,BTC-STEEM,2018-01-25T16:50:59.223,642.50380241,0.00058198,0.37392436,PARTIAL_FILL,SELL
38118595,BTC-STEEM,2018-01-25T16:50:56.553,9.57547513,0.00058215,0.00557436,FILL,SELL
38118594,BTC-STEEM,2018-01-25T16:50:56.507,160.562249,0.00058215,0.09347131,PARTIAL_FILL,SELL
38118588,BTC-STEEM,2018-01-25T16:50:52.647,2.09492841,0.00058215,0.00121956,PARTIAL_FILL,BUY
38118586,BTC-STEEM,2018-01-25T16:50:52.427,1371.94359153,0.00058198,0.79844373,PARTIAL_FILL,SELL
38118585,BTC-STEEM,2018-01-25T16:50:52.427,151.12352283,0.00058199,0.08795237,FILL,SELL
38118577,BTC-STEEM,2018-01-25T16:50:46.803,5.77865276,0.00058215,0.00336404,FILL,BUY
38118569,BTC-STEEM,2018-01-25T16:50:38.82,294.34309524,0.00058198,0.17130179,PARTIAL_FILL,SELL
38118567,BTC-STEEM,2018-01-25T16:50:37.66,615.41049181,0.00058198,0.35815659,PARTIAL_FILL,SELL
38118564,BTC-STEEM,2018-01-25T16:50:35.223,26.60116007,0.00058215,0.01548586,FILL,BUY
38118562,BTC-STEEM,2018-01-25T16:50:34.757,2084.90915286,0.00058198,1.21337542,PARTIAL_FILL,SELL
38118553,BTC-STEEM,2018-01-25T16:50:27.973,598.82636443,0.00058198,0.34850496,PARTIAL_FILL,SELL
38118552,BTC-STEEM,2018-01-25T16:50:27.973,0.87678691,0.00058198,0.00051027,FILL,SELL
38118551,BTC-STEEM,2018-01-25T16:50:27.973,33.95207267,0.00058199,0.01975976,FILL,SELL
38118550,BTC-STEEM,2018-01-25T16:50:27.973,177.61516881,0.000582,0.10337202,FILL,SELL
38118549,BTC-STEEM,2018-01-25T16:50:27.973,35.0,0.000582,0.02037,FILL,SELL
38118548,BTC-STEEM,2018-01-25T16:50:27.96,179.24778336,0.00058203,0.10432758,FILL,SELL
38118547,BTC-STEEM,2018-01-25T16:50:27.96,42.62724286,0.00058203,0.02481033,FILL,SELL
38118546,BTC-STEEM,2018-01-25T16:50:27.96,4.68192673,0.0005821,0.00272534,FILL,SELL
38118545,BTC-STEEM,2018-01-25T16:50:27.96,103.15803578,0.00058214,0.06005241,FILL,SELL
38118544,BTC-STEEM,2018-01-25T16:50:27.96,160.24216087,0.00058215,0.09328497,FILL,SELL
38118540,BTC-STEEM,2018-01-25T16:50:25.473,14.4115302,0.00058399,0.00841618,FILL,BUY
38118530,BTC-STEEM,2018-01-25T16:50:19.927,34.48008616,0.00058215,0.02007258,PARTIAL_FILL,SELL
38118529,BTC-STEEM,2018-01-25T16:50:18.24,39.32823824,0.00058399,0.02296729,FILL,BUY
38118512,BTC-STEEM,2018-01-25T16:50:00.553,2.04086666,0.00058215,0.00118809,PARTIAL_FILL,SELL
38118511,BTC-STEEM,2018-01-25T16:49:58.037,300.0,0.00058215,0.174645,PARTIAL_FILL,SELL
38118498,BTC-STEEM,2018-01-25T16:49:44.85,100.0,0.00058215,0.058215,PARTIAL_FILL,SELL
38118497,BTC-STEEM,2018-01-25T16:49:43.567,1.51020475,0.00058399,0.00088194,FILL,BUY
38118489,BTC-STEEM,2018-01-25T16:49:39.193,27.98265155,0.00058214,0.01628982,PARTIAL_FILL,SELL
38118482,BTC-STEEM,2018-01-25T16:49:24.817,23.40947883,0.00058214,0.01362759,PARTIAL_FILL,SELL
38118481,BTC-STEEM,2018-01-25T16:49:24.223,1013.45234372,0.00058214,0.58997114,PARTIAL_FILL,SELL
38118472,BTC-STEEM,2018-01-25T16:49:13.52,295.05196701,0.0005821,0.17174974,PARTIAL_FILL,SELL
38118469,BTC-STEEM,2018-01-25T16:49:03.583,1.0,0.00058208,0.00058208,PARTIAL_FILL,SELL
38118457,BTC-STEEM,2018-01-25T16:48:48.397,132.00703844,0.00058207,0.07683733,PARTIAL_FILL,SELL
38118456,BTC-STEEM,2018-01-25T16:48:47.147,13.66774843,0.000584,0.00798196,FILL,BUY
38118453,BTC-STEEM,2018-01-25T16:48:42.02,18.253,0.000584,0.01065975,FILL,BUY
38118447,BTC-STEEM,2018-01-25T16:48:33.1,3.25209868,0.000584,0.00189922,FILL,SELL
38118446,BTC-STEEM,2018-01-25T16:48:33.1,4.0,0.000584,0.002336,FILL,SELL
38118445,BTC-STEEM,2018-01-25T16:48:33.1,100.0,0.000584,0.0584,FILL,SELL
38118444,BTC-STEEM,2018-01-25T16:48:33.1,49.57740923,0.000584,0.0289532,FILL,SELL
38118437,BTC-STEEM,2018-01-25T16:48:06.363,20.982,0.00058502,0.01227488,FILL,BUY
38118433,BTC-STEEM,2018-01-25T16:47:59.533,34.87987475,0.00058502,0.02040542,FILL,SELL
38118432,BTC-STEEM,2018-01-25T16:47:55.317,3.62598162,0.00058502,0.00212127,PARTIAL_FILL,SELL
38118431,BTC-STEEM,2018-01-25T16:47:53.91,66.90108076,0.00058503,0.03913913,FILL,SELL
38118430,BTC-STEEM,2018-01-25T16:47:53.847,1.35048856,0.00058504,0.00079008,FILL,BUY
38118427,BTC-STEEM,2018-01-25T16:47:44.347,34.26325196,0.00058503,0.02004503,PARTIAL_FILL,BUY
38118425,BTC-STEEM,2018-01-25T16:47:40.567,2.83382635,0.00058503,0.00165787,FILL,BUY
38118423,BTC-STEEM,2018-01-25T16:47:35.307,4.8789571,0.00058503,0.00285433,FILL,SELL
38118419,BTC-STEEM,2018-01-25T16:47:13.317,1.05309455,0.00058504,0.0006161,FILL,SELL
38118418,BTC-STEEM,2018-01-25T16:47:13.317,4.273139,0.00058505,0.00249999,FILL,SELL
38118417,BTC-STEEM,2018-01-25T16:47:13.317,19.69209231,0.00058505,0.01152085,FILL,SELL
38118416,BTC-STEEM,2018-01-25T16:47:10.86,55.88950713,0.00058505,0.03269815,PARTIAL_FILL,SELL
38118413,BTC-STEEM,2018-01-25T16:47:03.987,1.0918808,0.00058506,0.00063881,FILL,SELL
38118407,BTC-STEEM,2018-01-25T16:46:41.753,36.167,0.00058515,0.02116312,FILL,BUY
38118399,BTC-STEEM,2018-01-25T16:46:35.237,424.9113864,0.00058515,0.24863689,FILL,BUY
38118394,BTC-STEEM,2018-01-25T16:46:31.83,80.85713879,0.00058515,0.04731355,FILL,SELL
38118387,BTC-STEEM,2018-01-25T16:46:27.36,147.57521637,0.00058515,0.08635363,PARTIAL_FILL,SELL
38118384,BTC-STEEM,2018-01-25T16:46:22.847,1161.57200111,0.00058515,0.67969385,PARTIAL_FILL,SELL
38118383,BTC-STEEM,2018-01-25T16:46:22.847,18.11632921,0.00058516,0.01060095,FILL,SELL
38118382,BTC-STEEM,2018-01-25T16:46:22.847,4.16367096,0.00058516,0.00243641,FILL,SELL
38118381,BTC-STEEM,2018-01-25T16:46:22.847,7.61618577,0.00058516,0.00445668,FILL,SELL
38118378,BTC-STEEM,2018-01-25T16:46:13.037,6.19966131,0.00058613,0.0036338,FILL,BUY
38118374,BTC-STEEM,2018-01-25T16:46:00.41,7.96673811,0.00058516,0.00466181,PARTIAL_FILL,SELL
38118373,BTC-STEEM,2018-01-25T16:46:00.41,36.03326189,0.00058516,0.02108522,FILL,SELL
38118370,BTC-STEEM,2018-01-25T16:45:52.503,0.94098143,0.00058516,0.00055062,PARTIAL_FILL,SELL
38118361,BTC-STEEM,2018-01-25T16:45:36.72,36.742,0.00058516,0.02149994,PARTIAL_FILL,SELL
38118354,BTC-STEEM,2018-01-25T16:45:31.423,98.8484079,0.00058615,0.05793999,FILL,BUY
38118353,BTC-STEEM,2018-01-25T16:45:31.41,69.025,0.00058614,0.04045831,PARTIAL_FILL,BUY
38118352,BTC-STEEM,2018-01-25T16:45:31.41,41.1023305,0.00058614,0.02409171,PARTIAL_FILL,BUY
38118351,BTC-STEEM,2018-01-25T16:45:31.41,104.1523005,0.00058614,0.06104782,PARTIAL_FILL,BUY
38118344,BTC-STEEM,2018-01-25T16:45:08,6.34504439,0.00058615,0.00371914,FILL,BUY
38118340,BTC-STEEM,2018-01-25T16:45:02.077,18.61330748,0.00058516,0.01089176,PARTIAL_FILL,SELL
38118339,BTC-STEEM,2018-01-25T16:45:02.077,1.38669252,0.00058517,0.00081145,FILL,SELL
38118336,BTC-STEEM,2018-01-25T16:44:54.86,47.86625788,0.00058615,0.0280568,FILL,BUY
38118335,BTC-STEEM,2018-01-25T16:44:54.86,38.60673888,0.00058615,0.02262933,PARTIAL_FILL,BUY
38118330,BTC-STEEM,2018-01-25T16:44:37.233,10.0,0.00058615,0.0058615,FILL,BUY
38118324,BTC-STEEM,2018-01-25T16:44:22.983,34.63042582,0.00058616,0.02029897,FILL,SELL
38118321,BTC-STEEM,2018-01-25T16:44:13.547,6.78047945,0.00058617,0.00397451,FILL,BUY
38118318,BTC-STEEM,2018-01-25T16:44:11.797,11.76686275,0.00058516,0.00688549,PARTIAL_FILL,SELL
38118317,BTC-STEEM,2018-01-25T16:44:11.797,6.84763101,0.00058516,0.00400695,FILL,SELL
38118315,BTC-STEEM,2018-01-25T16:44:05.857,6.18046972,0.00058516,0.00361656,PARTIAL_FILL,SELL
38118313,BTC-STEEM,2018-01-25T16:43:55.763,1.988091,0.00058617,0.00116535,FILL,BUY
38118304,BTC-STEEM,2018-01-25T16:43:23.763,7.35221126,0.00058617,0.00430964,FILL,BUY
38118299,BTC-STEEM,2018-01-25T16:42:42.12,19.31177722,0.00058617,0.01131998,FILL,SELL
38118295,BTC-STEEM,2018-01-25T16:42:38.37,5.73898927,0.00058618,0.00336408,FILL,BUY
38118290,BTC-STEEM,2018-01-25T16:42:36.057,2.0,0.00058617,0.00117234,PARTIAL_FILL,SELL
38118288,BTC-STEEM,2018-01-25T16:42:35.12,39.1148131,0.00058617,0.02292792,PARTIAL_FILL,SELL
38118285,BTC-STEEM,2018-01-25T16:42:29.51,0.94957852,0.00058618,0.00055662,FILL,BUY
38118283,BTC-STEEM,2018-01-25T16:42:29.12,9.8366214,0.00058618,0.00576603,FILL,BUY
38118281,BTC-STEEM,2018-01-25T16:42:26.557,288.24532645,0.00058617,0.16896076,PARTIAL_FILL,BUY
38118279,BTC-STEEM,2018-01-25T16:42:21.76,8.0,0.00058617,0.00468936,FILL,BUY
38118277,BTC-STEEM,2018-01-25T16:42:18.62,4.8701581,0.00058515,0.00284977,PARTIAL_FILL,SELL
38118272,BTC-STEEM,2018-01-25T16:42:09.633,107.57423494,0.00058617,0.06305678,FILL,SELL
38118264,BTC-STEEM,2018-01-25T16:41:41.557,3.6,0.00058617,0.00211021,PARTIAL_FILL,SELL
38118261,BTC-STEEM,2018-01-25T16:41:36.337,2.5,0.00058617,0.00146542,PARTIAL_FILL,SELL
38118258,BTC-STEEM,2018-01-25T16:41:31.18,100.0,0.00058617,0.058617,PARTIAL_FILL,SELL
38118257,BTC-STEEM,2018-01-25T16:41:29.883,12.43894587,0.00058522,0.00727951,PARTIAL_FILL,BUY
38118256,BTC-STEEM,2018-01-25T16:41:29.883,40.30389091,0.00058521,0.02358623,PARTIAL_FILL,BUY
38118247,BTC-STEEM,2018-01-25T16:41:16.79,134.88659594,0.00058515,0.07892889,PARTIAL_FILL,SELL
38118246,BTC-STEEM,2018-01-25T16:41:16.79,22.08760449,0.00058515,0.01292456,FILL,SELL
38118245,BTC-STEEM,2018-01-25T16:41:14.523,8.0944129,0.00058515,0.00473644,PARTIAL_FILL,SELL
38118244,BTC-STEEM,2018-01-25T16:41:14.523,157.22887293,0.00058515,0.09200247,FILL,SELL
38118243,BTC-STEEM,2018-01-25T16:41:14.523,19.79999156,0.00058515,0.01158596,FILL,SELL
38118237,BTC-STEEM,2018-01-25T16:41:06.01,10.0,0.00058515,0.0058515,PARTIAL_FILL,SELL
38118233,BTC-STEEM,2018-01-25T16:41:04.367,15.08920361,0.00058522,0.0088305,FILL,BUY
38118219,BTC-STEEM,2018-01-25T16:40:47.197,74.85956996,0.00058515,0.04380407,PARTIAL_FILL,BUY
38118217,BTC-STEEM,2018-01-25T16:40:45.807,0.93018923,0.00058506,0.00054421,FILL,SELL
38118216,BTC-STEEM,2018-01-25T16:40:38.29,9.98350225,0.00058515,0.00584184,FILL,BUY
38118209,BTC-STEEM,2018-01-25T16:40:25.447,4.0,0.00058505,0.0023402,PARTIAL_FILL,SELL
38118206,BTC-STEEM,2018-01-25T16:40:22.79,10.0,0.00058505,0.0058505,PARTIAL_FILL,SELL
38118203,BTC-STEEM,2018-01-25T16:40:18.227,30.85044322,0.00058505,0.01804905,PARTIAL_FILL,SELL
38118202,BTC-STEEM,2018-01-25T16:40:18.087,3.27473381,0.00058521,0.0019164,FILL,BUY
38118188,BTC-STEEM,2018-01-25T16:39:59.023,2.0,0.00058505,0.0011701,PARTIAL_FILL,SELL
38118178,BTC-STEEM,2018-01-25T16:39:36.693,10.55872292,0.00058521,0.00617907,FILL,BUY
38118174,BTC-STEEM,2018-01-25T16:39:29.66,19.2927385,0.00058521,0.0112903,FILL,BUY
38118161,BTC-STEEM,2018-01-25T16:39:05.77,3.60078019,0.00058505,0.00210663,PARTIAL_FILL,SELL
38118160,BTC-STEEM,2018-01-25T16:39:05.77,4.9671565,0.00058505,0.00290603,FILL,SELL
38118152,BTC-STEEM,2018-01-25T16:38:49.253,18.47185052,0.00058522,0.01081009,FILL,BUY
38118151,BTC-STEEM,2018-01-25T16:38:49.253,206.20687599,0.00058521,0.12067432,PARTIAL_FILL,BUY
38118150,BTC-STEEM,2018-01-25T16:38:49.253,41.47771701,0.0005852,0.02427275,PARTIAL_FILL,BUY
38118144,BTC-STEEM,2018-01-25T16:38:38.647,42.30629722,0.00058503,0.02475045,PARTIAL_FILL,SELL
38118143,BTC-STEEM,2018-01-25T16:38:37.74,93.63047552,0.00058503,0.05477663,PARTIAL_FILL,BUY
38118138,BTC-STEEM,2018-01-25T16:38:31.38,42.09329595,0.00058502,0.02462541,PARTIAL_FILL,SELL
38118133,BTC-STEEM,2018-01-25T16:38:24.443,36.51917883,0.00058502,0.02136444,PARTIAL_FILL,SELL
38118128,BTC-STEEM,2018-01-25T16:38:16.253,27.058,0.00058503,0.01582974,FILL,BUY
38118125,BTC-STEEM,2018-01-25T16:38:14.973,14.73907966,0.00058502,0.00862265,PARTIAL_FILL,SELL
38118122,BTC-STEEM,2018-01-25T16:38:08.74,32.20574202,0.00058503,0.01884132,FILL,SELL
38118110,BTC-STEEM,2018-01-25T16:37:26.333,30.6310456,0.00058521,0.01792559,FILL,BUY
38118093,BTC-STEEM,2018-01-25T16:36:36.72,17.12962561,0.00058617,0.01004087,FILL,BUY
38118090,BTC-STEEM,2018-01-25T16:36:32.797,6.30011435,0.00058503,0.00368575,PARTIAL_FILL,SELL
38118085,BTC-STEEM,2018-01-25T16:36:04.437,872.10762666,0.00058502,0.5102004,PARTIAL_FILL,SELL
38118080,BTC-STEEM,2018-01-25T16:35:40.777,186.20093147,0.00058502,0.10893126,PARTIAL_FILL,SELL
38118079,BTC-STEEM,2018-01-25T16:35:40.01,93.10046574,0.00058502,0.05446563,PARTIAL_FILL,SELL
38118078,BTC-STEEM,2018-01-25T16:35:39.527,159.6007984,0.00058502,0.09336965,PARTIAL_FILL,SELL
38118077,BTC-STEEM,2018-01-25T16:35:38.98,50.33375911,0.00058502,0.02944625,PARTIAL_FILL,SELL
38118076,BTC-STEEM,2018-01-25T16:35:38.95,745.98529593,0.00058502,0.43641631,PARTIAL_FILL,SELL
38118075,BTC-STEEM,2018-01-25T16:35:38.95,17.06784473,0.00058524,0.00998878,FILL,SELL
38118066,BTC-STEEM,2018-01-25T16:35:31.293,479.95334573,0.00058502,0.2807823,PARTIAL_FILL,SELL
38118064,BTC-STEEM,2018-01-25T16:35:24.183,373.07870884,0.00058502,0.2182585,PARTIAL_FILL,SELL
38118057,BTC-STEEM,2018-01-25T16:35:13.027,400.44159133,0.00058502,0.23426633,PARTIAL_FILL,SELL
38118056,BTC-STEEM,2018-01-25T16:35:13.027,170.25916627,0.00058502,0.09960501,FILL,SELL
38118055,BTC-STEEM,2018-01-25T16:35:13.027,48.79370427,0.00058502,0.02854529,FILL,SELL
38118054,BTC-STEEM,2018-01-25T16:35:13.027,72.47148869,0.00058524,0.04241321,FILL,SELL
38118053,BTC-STEEM,2018-01-25T16:35:12.793,44.17200369,0.00058524,0.02585122,PARTIAL_FILL,SELL
38118052,BTC-STEEM,2018-01-25T16:35:11.433,29.0876112,0.00058524,0.01702323,PARTIAL_FILL,BUY
38118051,BTC-STEEM,2018-01-25T16:35:11.433,39.10934162,0.00058523,0.02288795,PARTIAL_FILL,BUY
38118046,BTC-STEEM,2018-01-25T16:34:58.137,0.9123888,0.00058524,0.00053396,FILL,BUY
38118044,BTC-STEEM,2018-01-25T16:34:57.98,43.18230901,0.00058523,0.02527158,FILL,SELL
38118043,BTC-STEEM,2018-01-25T16:34:57.98,2.34322437,0.00058523,0.00137132,FILL,SELL
38118033,BTC-STEEM,2018-01-25T16:34:42.073,17.642664,0.00058523,0.01032501,PARTIAL_FILL,BUY
38118032,BTC-STEEM,2018-01-25T16:34:42.073,11.97987633,0.00058522,0.00701086,PARTIAL_FILL,BUY
38118024,BTC-STEEM,2018-01-25T16:34:37.887,30.09100299,0.00058522,0.01760985,FILL,BUY
38118008,BTC-STEEM,2018-01-25T16:34:24.76,39.91337326,0.00058523,0.0233585,FILL,BUY
38117999,BTC-STEEM,2018-01-25T16:34:16.26,10.0,0.00058502,0.0058502,PARTIAL_FILL,SELL
38117998,BTC-STEEM,2018-01-25T16:34:16.04,11.0,0.00058502,0.00643522,PARTIAL_FILL,SELL
38117978,BTC-STEEM,2018-01-25T16:33:48.243,318.38436249,0.00058748,0.18704444,FILL,BUY
38117975,BTC-STEEM,2018-01-25T16:33:47.54,70.83710214,0.00058502,0.04144112,PARTIAL_FILL,SELL
38117972,BTC-STEEM,2018-01-25T16:33:34.227,14.71185952,0.00058502,0.00860673,PARTIAL_FILL,SELL
38117971,BTC-STEEM,2018-01-25T16:33:33.697,14.49437962,0.0005875,0.00851544,FILL,BUY
38117950,BTC-STEEM,2018-01-25T16:33:11.167,35.21278921,0.00058502,0.02060018,PARTIAL_FILL,BUY
38117932,BTC-STEEM,2018-01-25T16:32:48.9,2.64077818,0.00058502,0.0015449,FILL,SELL
38117931,BTC-STEEM,2018-01-25T16:32:48.9,164.42119735,0.00058502,0.09618968,FILL,SELL
38117924,BTC-STEEM,2018-01-25T16:32:39.4,25.0,0.00058502,0.0146255,PARTIAL_FILL,SELL
38117921,BTC-STEEM,2018-01-25T16:32:35.71,6.1861367,0.00058502,0.00361901,PARTIAL_FILL,BUY
38117920,BTC-STEEM,2018-01-25T16:32:35.71,59.89980491,0.0005848,0.0350294,PARTIAL_FILL,BUY
38117919,BTC-STEEM,2018-01-25T16:32:35.71,39.54482805,0.00058479,0.02312541,PARTIAL_FILL,BUY
38117886,BTC-STEEM,2018-01-25T16:32:03.023,11.45077468,0.00058502,0.00669893,FILL,BUY
38117883,BTC-STEEM,2018-01-25T16:32:01.133,84.72016607,0.00058502,0.04956299,FILL,BUY
38117882,BTC-STEEM,2018-01-25T16:32:01.133,24.18114216,0.00058501,0.0141462,PARTIAL_FILL,BUY
38117878,BTC-STEEM,2018-01-25T16:31:59.977,13.64077541,0.00058501,0.00797999,FILL,BUY
38117838,BTC-STEEM,2018-01-25T16:31:24.99,80.27644769,0.00058502,0.04696332,FILL,SELL
38117837,BTC-STEEM,2018-01-25T16:31:24.99,24.14342614,0.00058502,0.01412438,FILL,SELL
38117827,BTC-STEEM,2018-01-25T16:31:13.413,2.08333333,0.00058502,0.00121879,PARTIAL_FILL,SELL
38117826,BTC-STEEM,2018-01-25T16:31:12.257,2.0797227,0.00058502,0.00121667,PARTIAL_FILL,SELL
38117811,BTC-STEEM,2018-01-25T16:31:03.333,27.48246606,0.00058502,0.01607779,PARTIAL_FILL,SELL
38117802,BTC-STEEM,2018-01-25T16:30:56.757,2.60425709,0.00058502,0.00152354,PARTIAL_FILL,SELL
38117799,BTC-STEEM,2018-01-25T16:30:53.147,50.0,0.00058753,0.0293765,FILL,BUY
38117797,BTC-STEEM,2018-01-25T16:30:52.867,29.4627383,0.00058421,0.01721242,PARTIAL_FILL,SELL
38117796,BTC-STEEM,2018-01-25T16:30:51.32,6.80110592,0.00058502,0.00397878,FILL,SELL
38117795,BTC-STEEM,2018-01-25T16:30:50.787,19.08396946,0.00058502,0.0111645,PARTIAL_FILL,SELL
38117793,BTC-STEEM,2018-01-25T16:30:49.257,3.47222222,0.00058502,0.00203131,PARTIAL_FILL,SELL
38117792,BTC-STEEM,2018-01-25T16:30:45.413,2.08333333,0.00058502,0.00121879,PARTIAL_FILL,SELL
38117791,BTC-STEEM,2018-01-25T16:30:42.867,5.55632726,0.00058502,0.00325056,PARTIAL_FILL,SELL
38117789,BTC-STEEM,2018-01-25T16:30:41.473,228.91496955,0.00058421,0.13373441,PARTIAL_FILL,SELL
38117774,BTC-STEEM,2018-01-25T16:30:24.85,50.47477639,0.00058754,0.02965595,FILL,SELL
38117773,BTC-STEEM,2018-01-25T16:30:24.85,407.35516272,0.00058754,0.23933745,FILL,SELL
38117772,BTC-STEEM,2018-01-25T16:30:23.63,148.13394738,0.00058754,0.08703461,PARTIAL_FILL,SELL
38117771,BTC-STEEM,2018-01-25T16:30:23.363,3.50265438,0.00058759,0.00205812,FILL,BUY
38117769,BTC-STEEM,2018-01-25T16:30:23.193,5.00149928,0.00058754,0.00293858,PARTIAL_FILL,SELL
38117767,BTC-STEEM,2018-01-25T16:30:21.91,14.71185952,0.00058759,0.00864454,FILL,BUY
38117765,BTC-STEEM,2018-01-25T16:30:21.21,9.4195711,0.00058754,0.00553437,PARTIAL_FILL,SELL
38117758,BTC-STEEM,2018-01-25T16:30:16.037,296.26770641,0.00058754,0.17406912,PARTIAL_FILL,SELL
38117756,BTC-STEEM,2018-01-25T16:30:13.973,13.07457947,0.00058754,0.00768183,PARTIAL_FILL,SELL
38117755,BTC-STEEM,2018-01-25T16:30:13.177,183.33699588,0.00058754,0.10771781,PARTIAL_FILL,SELL
38117752,BTC-STEEM,2018-01-25T16:30:10.99,177.02319344,0.00058754,0.1040082,PARTIAL_FILL,SELL
38117742,BTC-STEEM,2018-01-25T16:30:04.833,148.17186395,0.00058754,0.08705689,PARTIAL_FILL,SELL
38117740,BTC-STEEM,2018-01-25T16:30:01.52,80.67491321,0.00058754,0.04739973,PARTIAL_FILL,BUY
38117739,BTC-STEEM,2018-01-25T16:30:01.52,36.73531564,0.00058753,0.02158309,PARTIAL_FILL,BUY
38117738,BTC-STEEM,2018-01-25T16:30:01.52,192.562,0.00058752,0.11313402,PARTIAL_FILL,BUY
38117728,BTC-STEEM,2018-01-25T16:29:48.897,700.0,0.00058754,0.411278,FILL,BUY
38117719,BTC-STEEM,2018-01-25T16:29:38.91,7.557,0.00058417,0.00441457,PARTIAL_FILL,BUY
38117718,BTC-STEEM,2018-01-25T16:29:38.91,7.09780056,0.00058417,0.00414632,PARTIAL_FILL,BUY
38117717,BTC-STEEM,2018-01-25T16:29:38.91,53.47188957,0.00058417,0.03123667,PARTIAL_FILL,BUY
38117708,BTC-STEEM,2018-01-25T16:29:29.647,4.101,0.00058417,0.00239568,FILL,BUY
38117703,BTC-STEEM,2018-01-25T16:29:27.85,13.117,0.00058417,0.00766255,FILL,BUY
38117692,BTC-STEEM,2018-01-25T16:29:16.723,300.76555266,0.00058417,0.17569821,FILL,BUY
38117691,BTC-STEEM,2018-01-25T16:29:16.723,40.71038756,0.00058416,0.02378137,PARTIAL_FILL,BUY
38117678,BTC-STEEM,2018-01-25T16:29:09.473,0.87085095,0.00058417,0.00050872,FILL,BUY
38117675,BTC-STEEM,2018-01-25T16:29:08.537,170.5937,0.00058417,0.09965572,FILL,BUY
38117668,BTC-STEEM,2018-01-25T16:29:00.41,1.00497612,0.00058417,0.00058707,FILL,BUY
38117666,BTC-STEEM,2018-01-25T16:28:58.05,10.03909935,0.00058417,0.00586454,FILL,SELL
38117663,BTC-STEEM,2018-01-25T16:28:57.13,240.03180936,0.0005875,0.14101868,FILL,BUY
38117651,BTC-STEEM,2018-01-25T16:28:40.08,32.59469401,0.00058754,0.01915068,FILL,BUY
38117645,BTC-STEEM,2018-01-25T16:28:33.38,14.12907817,0.00058417,0.00825378,PARTIAL_FILL,SELL
38117644,BTC-STEEM,2018-01-25T16:28:33.38,48.33635605,0.00058417,0.02823664,FILL,SELL
38117643,BTC-STEEM,2018-01-25T16:28:33.38,34.57894686,0.00058418,0.02020032,FILL,SELL
38117626,BTC-STEEM,2018-01-25T16:28:20.363,23.59666031,0.00058417,0.01378446,FILL,BUY
38117625,BTC-STEEM,2018-01-25T16:28:20.363,24.73969574,0.00058417,0.01445218,PARTIAL_FILL,BUY
38117621,BTC-STEEM,2018-01-25T16:28:18.347,2.42125188,0.000584,0.00141401,PARTIAL_FILL,SELL
38117618,BTC-STEEM,2018-01-25T16:28:12.847,127.5543852,0.00058417,0.07451344,FILL,BUY
38117617,BTC-STEEM,2018-01-25T16:28:12.847,30.0,0.00058416,0.0175248,PARTIAL_FILL,BUY
38117616,BTC-STEEM,2018-01-25T16:28:12.847,10.0,0.00058412,0.0058412,PARTIAL_FILL,BUY
38117615,BTC-STEEM,2018-01-25T16:28:12.847,242.64740416,0.00058412,0.1417352,PARTIAL_FILL,BUY
38117614,BTC-STEEM,2018-01-25T16:28:12.847,40.42406396,0.00058411,0.02361209,PARTIAL_FILL,BUY
38117610,BTC-STEEM,2018-01-25T16:27:47.44,5.0,0.000584,0.00292,PARTIAL_FILL,SELL
38117608,BTC-STEEM,2018-01-25T16:27:45.19,3.09042028,0.000584,0.0018048,PARTIAL_FILL,SELL
38117606,BTC-STEEM,2018-01-25T16:27:38.86,1.14541763,0.000584,0.00066892,PARTIAL_FILL,SELL
38117605,BTC-STEEM,2018-01-25T16:27:38.86,1.92438685,0.00058411,0.00112405,FILL,SELL
38117604,BTC-STEEM,2018-01-25T16:27:32.703,8.07561315,0.00058411,0.00471704,PARTIAL_FILL,BUY
38117602,BTC-STEEM,2018-01-25T16:27:27.61,11.52738685,0.00058411,0.00673326,FILL,BUY
38117601,BTC-STEEM,2018-01-25T16:27:27.61,18.3939959,0.00058411,0.01074411,PARTIAL_FILL,BUY
38117596,BTC-STEEM,2018-01-25T16:27:08.22,24.8798395,0.00058411,0.01453256,FILL,SELL
38117587,BTC-STEEM,2018-01-25T16:26:56.237,2.29694077,0.00058411,0.00134166,PARTIAL_FILL,BUY
38117586,BTC-STEEM,2018-01-25T16:26:56.237,19.03890212,0.00058411,0.01112081,PARTIAL_FILL,BUY
38117585,BTC-STEEM,2018-01-25T16:26:56.237,10.02040302,0.00058411,0.00585301,PARTIAL_FILL,BUY
38117568,BTC-STEEM,2018-01-25T16:26:40.017,30.85044322,0.00058411,0.01802005,FILL,BUY
38117554,BTC-STEEM,2018-01-25T16:26:22.22,53.14133689,0.00058412,0.03104091,FILL,BUY
38117545,BTC-STEEM,2018-01-25T16:26:14.11,3.37568504,0.00058412,0.0019718,FILL,SELL
38117535,BTC-STEEM,2018-01-25T16:25:56.89,15.6880268,0.00058412,0.00916369,PARTIAL_FILL,SELL
38117533,BTC-STEEM,2018-01-25T16:25:55.967,15.6880268,0.00058412,0.00916369,PARTIAL_FILL,SELL
38117529,BTC-STEEM,2018-01-25T16:25:52.06,31.07828421,0.00058412,0.01815344,PARTIAL_FILL,SELL
38117528,BTC-STEEM,2018-01-25T16:25:51.56,34.16997715,0.00058412,0.01995936,PARTIAL_FILL,SELL
38117518,BTC-STEEM,2018-01-25T16:25:41.797,70.0,0.000584,0.04088,PARTIAL_FILL,SELL
38117473,BTC-STEEM,2018-01-25T16:24:51.73,15.74157387,0.000582,0.00916159,PARTIAL_FILL,SELL
38117472,BTC-STEEM,2018-01-25T16:24:51.73,7.01009665,0.000584,0.00409389,FILL,SELL
38117468,BTC-STEEM,2018-01-25T16:24:47.683,10.6025787,0.000584,0.0061919,PARTIAL_FILL,SELL
38117467,BTC-STEEM,2018-01-25T16:24:46.497,2.38732465,0.000584,0.00139419,PARTIAL_FILL,SELL
38117456,BTC-STEEM,2018-01-25T16:24:40.92,22.93146577,0.00058416,0.01339564,FILL,BUY
38117455,BTC-STEEM,2018-01-25T16:24:40.92,14.0,0.00058408,0.00817712,PARTIAL_FILL,BUY
38117433,BTC-STEEM,2018-01-25T16:24:03.053,12.8691856,0.00058417,0.00751779,FILL,BUY
38117432,BTC-STEEM,2018-01-25T16:24:03.053,41.7907136,0.00058408,0.02440911,PARTIAL_FILL,BUY
38117430,BTC-STEEM,2018-01-25T16:24:02.617,0.9975,0.000584,0.00058254,PARTIAL_FILL,BUY
38117407,BTC-STEEM,2018-01-25T16:23:36.16,270.20240525,0.00058417,0.15784413,FILL,BUY
38117406,BTC-STEEM,2018-01-25T16:23:36.143,4.0,0.00058409,0.00233636,PARTIAL_FILL,BUY
38117405,BTC-STEEM,2018-01-25T16:23:36.143,24.96202084,0.00058408,0.01457981,PARTIAL_FILL,BUY
38117399,BTC-STEEM,2018-01-25T16:23:33.13,11.61593081,0.00058408,0.00678463,FILL,BUY
38117392,BTC-STEEM,2018-01-25T16:23:23.24,110.37258762,0.00058417,0.06447635,FILL,BUY
38117391,BTC-STEEM,2018-01-25T16:23:23.24,38.00575184,0.00058416,0.02220143,PARTIAL_FILL,BUY
38117380,BTC-STEEM,2018-01-25T16:23:14.317,51.05749331,0.00058417,0.02982625,FILL,BUY
38117379,BTC-STEEM,2018-01-25T16:23:14.317,44.76192207,0.00058417,0.02614857,PARTIAL_FILL,BUY
38117378,BTC-STEEM,2018-01-25T16:23:14.317,40.68221035,0.00058416,0.02376491,PARTIAL_FILL,BUY
38117377,BTC-STEEM,2018-01-25T16:23:14.317,12.40015246,0.0005841,0.00724292,PARTIAL_FILL,BUY
38117376,BTC-STEEM,2018-01-25T16:23:14.317,209.88169512,0.00058409,0.12258979,PARTIAL_FILL,BUY
38117375,BTC-STEEM,2018-01-25T16:23:14.317,38.21155986,0.00058409,0.02231898,PARTIAL_FILL,BUY
38117316,BTC-STEEM,2018-01-25T16:22:42.703,14.54355992,0.00058188,0.0084626,PARTIAL_FILL,BUY
38117315,BTC-STEEM,2018-01-25T16:22:42.703,6.55666371,0.00058188,0.00381519,PARTIAL_FILL,BUY
38117314,BTC-STEEM,2018-01-25T16:22:42.703,43.66190623,0.00058188,0.02540598,PARTIAL_FILL,BUY
38117313,BTC-STEEM,2018-01-25T16:22:42.703,0.98250071,0.00058188,0.00057169,PARTIAL_FILL,BUY
38117311,BTC-STEEM,2018-01-25T16:22:42.19,3.75230037,0.00058188,0.00218338,FILL,BUY
38117309,BTC-STEEM,2018-01-25T16:22:42.19,122.75653227,0.00058188,0.07142957,FILL,BUY
38117307,BTC-STEEM,2018-01-25T16:22:42.157,51.29563828,0.00058188,0.0298479,FILL,BUY
38117305,BTC-STEEM,2018-01-25T16:22:42.14,2.22528356,0.00058188,0.00129484,FILL,BUY
38117286,BTC-STEEM,2018-01-25T16:22:25.86,250.25432668,0.00057832,0.14472708,PARTIAL_FILL,SELL
38117285,BTC-STEEM,2018-01-25T16:22:25.797,55.61012003,0.00057832,0.03216044,PARTIAL_FILL,SELL
38117226,BTC-STEEM,2018-01-25T16:21:25.343,0.9975,0.000578,0.00057655,PARTIAL_FILL,SELL
38117222,BTC-STEEM,2018-01-25T16:21:20.733,7.09483337,0.00058188,0.00412834,FILL,BUY
38117209,BTC-STEEM,2018-01-25T16:21:15.653,274.25626382,0.00058188,0.15958423,FILL,SELL
38117204,BTC-STEEM,2018-01-25T16:21:12.577,41.88810407,0.00058188,0.02437384,PARTIAL_FILL,BUY
38117184,BTC-STEEM,2018-01-25T16:21:05.45,39.58768016,0.00058188,0.02303527,FILL,BUY
38117183,BTC-STEEM,2018-01-25T16:21:05.45,45.79863406,0.00058188,0.0266493,PARTIAL_FILL,BUY
38117181,BTC-STEEM,2018-01-25T16:21:04.84,28.37933351,0.00058188,0.01651336,FILL,BUY
38117168,BTC-STEEM,2018-01-25T16:20:55.497,119.90231914,0.00058099,0.06966204,FILL,BUY
38117166,BTC-STEEM,2018-01-25T16:20:54.827,99.19974766,0.00058099,0.05763406,FILL,BUY
38117165,BTC-STEEM,2018-01-25T16:20:54.827,127.28240499,0.00058,0.07382379,PARTIAL_FILL,BUY
38117163,BTC-STEEM,2018-01-25T16:20:54.293,129.09641294,0.00058,0.07487591,FILL,BUY
38117162,BTC-STEEM,2018-01-25T16:20:54.293,57.4183,0.00057989,0.03329629,PARTIAL_FILL,BUY
38117157,BTC-STEEM,2018-01-25T16:20:51.873,21.21423912,0.00057999,0.01230404,PARTIAL_FILL,SELL
38117156,BTC-STEEM,2018-01-25T16:20:51.84,70.37586207,0.00058,0.040818,FILL,BUY
38117155,BTC-STEEM,2018-01-25T16:20:51.84,50.0,0.00058,0.029,PARTIAL_FILL,BUY
38117153,BTC-STEEM,2018-01-25T16:20:49.42,643.58101498,0.00057999,0.37327055,PARTIAL_FILL,BUY
38117151,BTC-STEEM,2018-01-25T16:20:46.183,396.5125,0.00057999,0.22997328,FILL,BUY
38117148,BTC-STEEM,2018-01-25T16:20:45.45,290.6734,0.00057999,0.16858766,FILL,BUY
38117143,BTC-STEEM,2018-01-25T16:20:40.827,28.76108502,0.00057999,0.01668114,FILL,BUY
38117142,BTC-STEEM,2018-01-25T16:20:40.827,50.0,0.00057999,0.0289995,PARTIAL_FILL,BUY
38117141,BTC-STEEM,2018-01-25T16:20:40.827,41.61518302,0.00057999,0.02413638,PARTIAL_FILL,BUY
38117130,BTC-STEEM,2018-01-25T16:20:26.467,32.57970204,0.00057708,0.01880109,PARTIAL_FILL,SELL
38117127,BTC-STEEM,2018-01-25T16:20:23.59,10.38126078,0.000577,0.00598998,PARTIAL_FILL,SELL
38117126,BTC-STEEM,2018-01-25T16:20:23.59,161.5095353,0.00057701,0.09319261,FILL,SELL
38117125,BTC-STEEM,2018-01-25T16:20:23.59,73.15916761,0.00057704,0.04221576,FILL,SELL
38117121,BTC-STEEM,2018-01-25T16:20:14.357,11.79768641,0.00057701,0.00680738,PARTIAL_FILL,SELL
38117114,BTC-STEEM,2018-01-25T16:20:09.607,282.36864608,0.000577,0.1629267,PARTIAL_FILL,SELL
38117113,BTC-STEEM,2018-01-25T16:20:09.607,53.13027436,0.000577,0.03065616,FILL,SELL
38117112,BTC-STEEM,2018-01-25T16:20:09.607,173.29821156,0.00057704,0.09999999,FILL,SELL
38117099,BTC-STEEM,2018-01-25T16:19:57.353,9.7765758,0.00058,0.00567041,FILL,BUY
38117092,BTC-STEEM,2018-01-25T16:19:53.603,4.6,0.00058,0.002668,FILL,BUY
38117080,BTC-STEEM,2018-01-25T16:19:48.87,120.37586207,0.00058,0.069818,FILL,BUY
38117064,BTC-STEEM,2018-01-25T16:19:33.463,38.14479586,0.00058192,0.02219721,FILL,BUY
38117063,BTC-STEEM,2018-01-25T16:19:33.463,5.52651116,0.00058,0.00320537,PARTIAL_FILL,BUY
38117061,BTC-STEEM,2018-01-25T16:19:27.87,46.86972564,0.000577,0.02704383,PARTIAL_FILL,SELL
38117060,BTC-STEEM,2018-01-25T16:19:27.87,24.33052423,0.00057785,0.01405939,FILL,SELL
38117059,BTC-STEEM,2018-01-25T16:19:27.87,209.88169512,0.00057788,0.12128643,FILL,SELL
38117058,BTC-STEEM,2018-01-25T16:19:27.87,14.0,0.00057788,0.00809032,FILL,SELL
38117057,BTC-STEEM,2018-01-25T16:19:27.87,19.56826063,0.00057842,0.01131867,FILL,SELL
38117056,BTC-STEEM,2018-01-25T16:19:27.87,2.16104806,0.00057842,0.00124999,FILL,SELL
38117055,BTC-STEEM,2018-01-25T16:19:27.87,34.10439952,0.0005803,0.01979078,FILL,SELL
38117054,BTC-STEEM,2018-01-25T16:19:27.87,10.40783651,0.00058188,0.00605611,FILL,SELL
38117053,BTC-STEEM,2018-01-25T16:19:27.87,28.0445208,0.00058188,0.01631854,FILL,SELL
38117052,BTC-STEEM,2018-01-25T16:19:27.87,36.15698949,0.00058188,0.02103902,FILL,SELL
38117050,BTC-STEEM,2018-01-25T16:19:22.93,30.12927337,0.00058192,0.01753282,FILL,BUY
38117046,BTC-STEEM,2018-01-25T16:19:18.807,9.83477402,0.00058192,0.00572305,FILL,SELL
38117006,BTC-STEEM,2018-01-25T16:18:48.13,9.69477574,0.00058261,0.00564827,PARTIAL_FILL,BUY
38117004,BTC-STEEM,2018-01-25T16:18:46.973,190.16522598,0.00058192,0.11066094,PARTIAL_FILL,SELL
38117003,BTC-STEEM,2018-01-25T16:18:46.973,4.53612299,0.00058284,0.00264383,FILL,SELL
38117002,BTC-STEEM,2018-01-25T16:18:46.973,1.02915951,0.000583,0.00059999,FILL,SELL
38117001,BTC-STEEM,2018-01-25T16:18:46.973,124.89154466,0.00058305,0.07281801,FILL,SELL
38117000,BTC-STEEM,2018-01-25T16:18:46.973,21.17963952,0.00058306,0.012349,FILL,SELL
38116999,BTC-STEEM,2018-01-25T16:18:46.973,25.73646605,0.00058307,0.01500616,FILL,SELL
38116997,BTC-STEEM,2018-01-25T16:18:44.943,81.89717943,0.00058417,0.04784187,FILL,BUY
38116978,BTC-STEEM,2018-01-25T16:18:34.02,1.72613191,0.00058306,0.00100643,PARTIAL_FILL,SELL
38116977,BTC-STEEM,2018-01-25T16:18:33.333,577.86202386,0.00058417,0.33756965,FILL,SELL
38116971,BTC-STEEM,2018-01-25T16:18:30.397,34.3431767,0.00058417,0.02006225,PARTIAL_FILL,SELL
38116968,BTC-STEEM,2018-01-25T16:18:29.943,402.41448692,0.00058417,0.23507847,PARTIAL_FILL,SELL
38116956,BTC-STEEM,2018-01-25T16:18:19.6,37.97822477,0.00058417,0.02218573,PARTIAL_FILL,SELL
38116948,BTC-STEEM,2018-01-25T16:18:16.113,210.0,0.00058417,0.1226757,PARTIAL_FILL,SELL
38116942,BTC-STEEM,2018-01-25T16:18:14.457,24.37161471,0.00058417,0.01423716,PARTIAL_FILL,BUY
38116941,BTC-STEEM,2018-01-25T16:18:14.457,39.64383045,0.00058416,0.02315833,PARTIAL_FILL,BUY
38116932,BTC-STEEM,2018-01-25T16:18:09.347,2.0,0.00058306,0.00116612,PARTIAL_FILL,SELL
38116930,BTC-STEEM,2018-01-25T16:18:07.863,3.11555116,0.00058306,0.00181655,PARTIAL_FILL,SELL
38116922,BTC-STEEM,2018-01-25T16:18:00.113,20.0,0.00058416,0.0116832,FILL,BUY
38116917,BTC-STEEM,2018-01-25T16:17:53.783,22.02207343,0.00058417,0.01286463,FILL,BUY
38116889,BTC-STEEM,2018-01-25T16:17:34.3,1.96314339,0.0005842,0.00114686,FILL,BUY
38116884,BTC-STEEM,2018-01-25T16:17:30.563,6.75989536,0.00058512,0.00395534,FILL,SELL
38116883,BTC-STEEM,2018-01-25T16:17:30.563,1.43375523,0.00058585,0.00083996,FILL,SELL
38116881,BTC-STEEM,2018-01-25T16:17:27.953,6.96694511,0.0005842,0.00407008,PARTIAL_FILL,BUY
38116880,BTC-STEEM,2018-01-25T16:17:27.953,38.72015953,0.00058419,0.02261992,PARTIAL_FILL,BUY
38116872,BTC-STEEM,2018-01-25T16:17:11.22,37.18193894,0.00058421,0.02172206,FILL,SELL
38116871,BTC-STEEM,2018-01-25T16:17:11.22,37.18193894,0.00058553,0.02177114,FILL,SELL
38116869,BTC-STEEM,2018-01-25T16:17:09.533,97.00388086,0.00058751,0.05699075,FILL,BUY
38116868,BTC-STEEM,2018-01-25T16:17:09.533,42.99611914,0.0005875,0.02526021,PARTIAL_FILL,BUY
38116862,BTC-STEEM,2018-01-25T16:17:06.563,140.0605507,0.00058305,0.0816623,PARTIAL_FILL,SELL
38116861,BTC-STEEM,2018-01-25T16:17:06.563,259.71864639,0.0005842,0.15172763,FILL,SELL
38116859,BTC-STEEM,2018-01-25T16:17:05.47,117.07766472,0.00058751,0.06878429,FILL,BUY
38116857,BTC-STEEM,2018-01-25T16:17:04.86,6.90428928,0.0005842,0.00403348,PARTIAL_FILL,SELL
38116854,BTC-STEEM,2018-01-25T16:16:59.377,5.21748204,0.0005842,0.00304805,PARTIAL_FILL,SELL
38116850,BTC-STEEM,2018-01-25T16:16:57.703,49.19200852,0.00058751,0.02890079,FILL,BUY
38116842,BTC-STEEM,2018-01-25T16:16:52.877,17.26575071,0.00058751,0.0101438,FILL,SELL
38116840,BTC-STEEM,2018-01-25T16:16:51.093,36.50279778,0.00058751,0.02144575,PARTIAL_FILL,SELL
38116829,BTC-STEEM,2018-01-25T16:16:46.203,68.33031865,0.00058751,0.04014474,PARTIAL_FILL,SELL
38116827,BTC-STEEM,2018-01-25T16:16:45.407,34.16515993,0.00058751,0.02007237,PARTIAL_FILL,SELL
38116822,BTC-STEEM,2018-01-25T16:16:42.123,95.28229383,0.00058751,0.0559793,PARTIAL_FILL,SELL
38116821,BTC-STEEM,2018-01-25T16:16:42.123,708.57381914,0.00058751,0.4162942,FILL,SELL
38116820,BTC-STEEM,2018-01-25T16:16:42.123,10.69846415,0.00058772,0.0062877,FILL,SELL
38116819,BTC-STEEM,2018-01-25T16:16:42.123,57.16819616,0.00058772,0.03359889,FILL,SELL
38116818,BTC-STEEM,2018-01-25T16:16:42.123,89.9775686,0.00058772,0.05288161,FILL,SELL
38116812,BTC-STEEM,2018-01-25T16:16:39.157,74.395486,0.00058772,0.04372371,PARTIAL_FILL,SELL
38116802,BTC-STEEM,2018-01-25T16:16:36.53,81.34207022,0.00058772,0.04780636,PARTIAL_FILL,SELL
38116801,BTC-STEEM,2018-01-25T16:16:36.53,5.00149928,0.00058773,0.00293953,FILL,SELL
38116800,BTC-STEEM,2018-01-25T16:16:36.53,48.6121585,0.0005878,0.02857422,FILL,SELL
38116799,BTC-STEEM,2018-01-25T16:16:36.123,3.35004711,0.0005878,0.00196915,PARTIAL_FILL,SELL
38116798,BTC-STEEM,2018-01-25T16:16:36.06,7.62406431,0.0005878,0.00448142,PARTIAL_FILL,SELL
38116787,BTC-STEEM,2018-01-25T16:16:31.937,5.1981356,0.0005878,0.00305546,PARTIAL_FILL,SELL
38116783,BTC-STEEM,2018-01-25T16:16:31.5,11.23090745,0.0005878,0.00660152,PARTIAL_FILL,SELL
38116771,BTC-STEEM,2018-01-25T16:16:28.03,8.82775924,0.0005878,0.00518895,PARTIAL_FILL,SELL
38116768,BTC-STEEM,2018-01-25T16:16:26.843,106.49628374,0.00058783,0.06260171,FILL,BUY
38116756,BTC-STEEM,2018-01-25T16:16:21.03,8.22627482,0.00058785,0.00483581,FILL,SELL
38116754,BTC-STEEM,2018-01-25T16:16:20.733,4.10463336,0.00058785,0.0024129,PARTIAL_FILL,SELL
38116751,BTC-STEEM,2018-01-25T16:16:19.733,3.44827586,0.00058785,0.00202706,PARTIAL_FILL,SELL
38116750,BTC-STEEM,2018-01-25T16:16:19.53,2.0797227,0.00058785,0.00122256,PARTIAL_FILL,SELL
38116742,BTC-STEEM,2018-01-25T16:16:14.047,0.43865024,0.00058785,0.00025786,FILL,SELL
38116740,BTC-STEEM,2018-01-25T16:16:13.513,5.59144585,0.00058789,0.00328715,FILL,BUY
38116736,BTC-STEEM,2018-01-25T16:16:12.873,2.06896551,0.00058785,0.00121624,PARTIAL_FILL,SELL
38116735,BTC-STEEM,2018-01-25T16:16:12.34,3.11958405,0.00058785,0.00183384,PARTIAL_FILL,SELL
38116723,BTC-STEEM,2018-01-25T16:16:10.56,1.0,0.00058783,0.00058783,FILL,SELL
38116722,BTC-STEEM,2018-01-25T16:16:10.56,12.73093481,0.00058783,0.00748362,FILL,SELL
38116721,BTC-STEEM,2018-01-25T16:16:10.03,9.4501785,0.00058783,0.00555509,PARTIAL_FILL,SELL
38116718,BTC-STEEM,2018-01-25T16:16:09.687,36.4786833,0.00058783,0.02144326,PARTIAL_FILL,SELL
38116717,BTC-STEEM,2018-01-25T16:16:09.483,8.68085697,0.00058783,0.00510286,PARTIAL_FILL,SELL
38116716,BTC-STEEM,2018-01-25T16:16:09.31,2.07817397,0.00058783,0.00122161,PARTIAL_FILL,SELL
38116715,BTC-STEEM,2018-01-25T16:16:08.89,2.25303292,0.00058783,0.0013244,PARTIAL_FILL,SELL
38116712,BTC-STEEM,2018-01-25T16:16:08.123,4.31034482,0.00058783,0.00253374,PARTIAL_FILL,SELL
38116711,BTC-STEEM,2018-01-25T16:16:07.967,6.86471365,0.00058783,0.00403528,PARTIAL_FILL,SELL
38116710,BTC-STEEM,2018-01-25T16:16:07.31,3.79310344,0.00058783,0.00222969,PARTIAL_FILL,SELL
38116709,BTC-STEEM,2018-01-25T16:16:07.09,11.06462432,0.00058783,0.00650411,PARTIAL_FILL,SELL
38116708,BTC-STEEM,2018-01-25T16:16:06.89,4.30555555,0.00058783,0.00253093,PARTIAL_FILL,SELL
38116705,BTC-STEEM,2018-01-25T16:16:06.28,12.93103448,0.00058783,0.00760124,PARTIAL_FILL,SELL
38116703,BTC-STEEM,2018-01-25T16:16:05.233,8.62068965,0.00058783,0.00506749,PARTIAL_FILL,SELL
38116701,BTC-STEEM,2018-01-25T16:16:04.59,12.23483999,0.00058783,0.007192,PARTIAL_FILL,SELL
38116700,BTC-STEEM,2018-01-25T16:16:03.263,33.60272957,0.00058783,0.01975269,PARTIAL_FILL,SELL
38116694,BTC-STEEM,2018-01-25T16:16:02.467,5.1696507,0.00058783,0.00303887,PARTIAL_FILL,SELL
38116692,BTC-STEEM,2018-01-25T16:16:01.437,2.23049643,0.00058783,0.00131115,PARTIAL_FILL,SELL
38116691,BTC-STEEM,2018-01-25T16:16:01.14,17.24137931,0.00058783,0.01013499,PARTIAL_FILL,SELL
38116689,BTC-STEEM,2018-01-25T16:15:59.497,2.08695652,0.00058783,0.00122677,PARTIAL_FILL,SELL
38116686,BTC-STEEM,2018-01-25T16:15:58.06,129.42472254,0.00058995,0.07635411,FILL,BUY
38116685,BTC-STEEM,2018-01-25T16:15:58.06,14.29598246,0.00058994,0.00843377,PARTIAL_FILL,BUY
38116680,BTC-STEEM,2018-01-25T16:15:56.92,35.82839669,0.0005879,0.02106351,PARTIAL_FILL,BUY
38116678,BTC-STEEM,2018-01-25T16:15:55.967,27.61668047,0.00058783,0.01623391,PARTIAL_FILL,SELL
38116675,BTC-STEEM,2018-01-25T16:15:54.433,3.79729356,0.00058783,0.00223216,PARTIAL_FILL,SELL
38116674,BTC-STEEM,2018-01-25T16:15:53.623,1.51944104,0.0005879,0.00089327,FILL,BUY
38116669,BTC-STEEM,2018-01-25T16:15:52.183,62.65216227,0.0005879,0.0368332,FILL,BUY
38116667,BTC-STEEM,2018-01-25T16:15:51.2,2.08710171,0.00058783,0.00122686,PARTIAL_FILL,SELL
38116666,BTC-STEEM,2018-01-25T16:15:51.137,17.31781656,0.00058783,0.01017993,PARTIAL_FILL,SELL
38116665,BTC-STEEM,2018-01-25T16:15:50.997,4.3180876,0.00058783,0.0025383,PARTIAL_FILL,SELL
38116664,BTC-STEEM,2018-01-25T16:15:50.217,2.07813798,0.00058783,0.00122159,PARTIAL_FILL,SELL
38116663,BTC-STEEM,2018-01-25T16:15:48.98,9.54861111,0.00058783,0.00561296,PARTIAL_FILL,SELL
38116662,BTC-STEEM,2018-01-25T16:15:48.763,4.4592177,0.00058994,0.00263067,FILL,SELL
38116661,BTC-STEEM,2018-01-25T16:15:48.637,33.58215443,0.00058994,0.01981145,PARTIAL_FILL,SELL
38116658,BTC-STEEM,2018-01-25T16:15:48.153,7.91322492,0.00058994,0.00466832,PARTIAL_FILL,SELL
38116657,BTC-STEEM,2018-01-25T16:15:47.34,60.16758875,0.00058994,0.03549526,PARTIAL_FILL,SELL
38116654,BTC-STEEM,2018-01-25T16:15:47.077,4.34027777,0.00058994,0.0025605,PARTIAL_FILL,SELL
38116653,BTC-STEEM,2018-01-25T16:15:46.87,36.24091241,0.00058994,0.02137996,PARTIAL_FILL,SELL
38116652,BTC-STEEM,2018-01-25T16:15:46.607,3.80991964,0.00058994,0.00224762,PARTIAL_FILL,SELL
38116651,BTC-STEEM,2018-01-25T16:15:46.42,2.0797227,0.00058994,0.00122691,PARTIAL_FILL,SELL
38116650,BTC-STEEM,2018-01-25T16:15:45.013,41.495379,0.00058994,0.02447978,PARTIAL_FILL,SELL
38116649,BTC-STEEM,2018-01-25T16:15:44.997,18.792787,0.00058994,0.01108661,PARTIAL_FILL,SELL
38116648,BTC-STEEM,2018-01-25T16:15:44.84,8.66551126,0.00058994,0.00511213,PARTIAL_FILL,SELL
38116647,BTC-STEEM,2018-01-25T16:15:44.78,2.06896551,0.00058994,0.00122056,PARTIAL_FILL,SELL
38116646,BTC-STEEM,2018-01-25T16:15:44.62,2.06896551,0.00058994,0.00122056,PARTIAL_FILL,SELL
38116645,BTC-STEEM,2018-01-25T16:15:44.543,5.00773066,0.00058994,0.00295426,PARTIAL_FILL,BUY
38116644,BTC-STEEM,2018-01-25T16:15:44.543,39.75206993,0.0005879,0.02337024,PARTIAL_FILL,BUY
38116636,BTC-STEEM,2018-01-25T16:15:38.62,12.39137458,0.0005879,0.00728488,FILL,SELL
38116633,BTC-STEEM,2018-01-25T16:15:35.277,6.07638888,0.0005879,0.0035723,PARTIAL_FILL,SELL
38116631,BTC-STEEM,2018-01-25T16:15:34.747,2.06896551,0.0005879,0.00121634,PARTIAL_FILL,SELL
38116630,BTC-STEEM,2018-01-25T16:15:33.67,28.10048525,0.0005879,0.01652027,PARTIAL_FILL,SELL
38116626,BTC-STEEM,2018-01-25T16:15:31.48,3.42617199,0.0005879,0.00201424,PARTIAL_FILL,SELL
38116625,BTC-STEEM,2018-01-25T16:15:31.48,2.09106938,0.0005881,0.00122975,FILL,SELL
38116624,BTC-STEEM,2018-01-25T16:15:31.45,33.81245136,0.0005881,0.0198851,PARTIAL_FILL,SELL
38116622,BTC-STEEM,2018-01-25T16:15:30.95,2.06896551,0.0005879,0.00121634,PARTIAL_FILL,SELL
38116609,BTC-STEEM,2018-01-25T16:15:23.45,27.61495269,0.000588,0.01623759,FILL,SELL
38116608,BTC-STEEM,2018-01-25T16:15:23.01,2.15517241,0.000588,0.00126724,PARTIAL_FILL,SELL
38116607,BTC-STEEM,2018-01-25T16:15:22.857,2.07813798,0.000588,0.00122194,PARTIAL_FILL,SELL
38116606,BTC-STEEM,2018-01-25T16:15:22.793,8.47471991,0.00058995,0.00499966,FILL,BUY
38116604,BTC-STEEM,2018-01-25T16:15:22.7,10.40438371,0.000588,0.00611777,PARTIAL_FILL,SELL
38116603,BTC-STEEM,2018-01-25T16:15:22.37,2.0797227,0.000588,0.00122287,PARTIAL_FILL,SELL
38116602,BTC-STEEM,2018-01-25T16:15:22.23,3.4662045,0.000588,0.00203812,PARTIAL_FILL,SELL
38116601,BTC-STEEM,2018-01-25T16:15:22.043,31.39477312,0.000588,0.01846012,PARTIAL_FILL,SELL
38116254,BTC-STEEM,2018-01-25T16:12:35,2.07925424,0.0005842,0.0012147,PARTIAL_FILL,SELL
38116250,BTC-STEEM,2018-01-25T16:12:33.203,2.08333333,0.0005842,0.00121708,PARTIAL_FILL,SELL
38116249,BTC-STEEM,2018-01-25T16:12:32.267,25.85010409,0.0005842,0.01510163,PARTIAL_FILL,SELL
38116247,BTC-STEEM,2018-01-25T16:12:29.03,4.69589717,0.0005842,0.00274334,PARTIAL_FILL,SELL
38116246,BTC-STEEM,2018-01-25T16:12:27.61,48.12605507,0.000585,0.02815374,FILL,BUY
38116245,BTC-STEEM,2018-01-25T16:12:27.61,12.56973863,0.000585,0.00735329,PARTIAL_FILL,BUY
38116244,BTC-STEEM,2018-01-25T16:12:27.593,44.01656438,0.00058499,0.02574924,PARTIAL_FILL,BUY
38116242,BTC-STEEM,2018-01-25T16:12:25.75,2.7729636,0.0005842,0.00161996,PARTIAL_FILL,SELL
38116231,BTC-STEEM,2018-01-25T16:12:18.733,67.87054204,0.0005842,0.03964997,PARTIAL_FILL,SELL
38116226,BTC-STEEM,2018-01-25T16:12:14.56,37.1488373,0.000585,0.02173206,FILL,SELL
38116225,BTC-STEEM,2018-01-25T16:12:14.56,19.37762256,0.000585,0.0113359,FILL,SELL
38116224,BTC-STEEM,2018-01-25T16:12:14.56,18.51243622,0.000585,0.01082977,FILL,SELL
38116218,BTC-STEEM,2018-01-25T16:12:10.14,4.68424605,0.000585,0.00274028,PARTIAL_FILL,SELL
38116215,BTC-STEEM,2018-01-25T16:12:06.2,28.94941402,0.000585,0.0169354,PARTIAL_FILL,SELL
38116214,BTC-STEEM,2018-01-25T16:12:06.2,5.77341102,0.000585,0.00337744,FILL,SELL
38116210,BTC-STEEM,2018-01-25T16:12:02.187,2.60416666,0.000585,0.00152343,PARTIAL_FILL,SELL
38116208,BTC-STEEM,2018-01-25T16:12:01.09,23.20294884,0.000585,0.01357372,PARTIAL_FILL,SELL
38116205,BTC-STEEM,2018-01-25T16:11:58.263,2.7729636,0.000585,0.00162218,PARTIAL_FILL,SELL
38116204,BTC-STEEM,2018-01-25T16:11:56.107,40.03466204,0.000585,0.02342027,PARTIAL_FILL,SELL
38116202,BTC-STEEM,2018-01-25T16:11:54.623,38.263761,0.0005868,0.02245317,FILL,BUY
38116201,BTC-STEEM,2018-01-25T16:11:54.623,39.89417177,0.0005868,0.02340989,PARTIAL_FILL,BUY
38116198,BTC-STEEM,2018-01-25T16:11:53.717,8.67468207,0.000585,0.00507468,PARTIAL_FILL,SELL
38116196,BTC-STEEM,2018-01-25T16:11:52.7,17.40644,0.000585,0.01018276,PARTIAL_FILL,SELL
38116194,BTC-STEEM,2018-01-25T16:11:51.217,2.0797227,0.00058401,0.00121457,PARTIAL_FILL,SELL
38116189,BTC-STEEM,2018-01-25T16:11:49.81,62.73604315,0.000585,0.03670058,FILL,SELL
38116187,BTC-STEEM,2018-01-25T16:11:49.09,4.34042848,0.000585,0.00253915,PARTIAL_FILL,SELL
38116186,BTC-STEEM,2018-01-25T16:11:48.793,7.98611111,0.000585,0.00467187,PARTIAL_FILL,SELL
38116184,BTC-STEEM,2018-01-25T16:11:47.543,3.81944444,0.000585,0.00223437,PARTIAL_FILL,SELL
38116178,BTC-STEEM,2018-01-25T16:11:42.123,25.4854527,0.00058681,0.01495511,FILL,BUY
38116166,BTC-STEEM,2018-01-25T16:11:35.513,2.08087674,0.00058401,0.00121525,PARTIAL_FILL,SELL
38116165,BTC-STEEM,2018-01-25T16:11:35.433,2.08877284,0.00058401,0.00121986,PARTIAL_FILL,SELL
38116164,BTC-STEEM,2018-01-25T16:11:35.03,11.63432159,0.0005852,0.0068084,FILL,SELL
38116158,BTC-STEEM,2018-01-25T16:11:31.34,111.59256019,0.0005868,0.06548251,FILL,SELL
38116155,BTC-STEEM,2018-01-25T16:11:29.12,2.07264625,0.0005868,0.00121622,PARTIAL_FILL,SELL
38116142,BTC-STEEM,2018-01-25T16:11:24.073,54.35511787,0.00058681,0.03189612,FILL,BUY
38116141,BTC-STEEM,2018-01-25T16:11:24.073,37.17367075,0.0005868,0.0218135,PARTIAL_FILL,BUY
38116136,BTC-STEEM,2018-01-25T16:11:22.387,1e-06,0.0005868,0.0,FILL,SELL
38116125,BTC-STEEM,2018-01-25T16:11:17.713,555.1015072,0.0005868,0.32573356,PARTIAL_FILL,SELL
38116122,BTC-STEEM,2018-01-25T16:11:16.027,40.95210102,0.0005868,0.02403069,PARTIAL_FILL,SELL
38116118,BTC-STEEM,2018-01-25T16:11:15.433,4.53612299,0.00058644,0.00266016,PARTIAL_FILL,BUY
38116117,BTC-STEEM,2018-01-25T16:11:15.433,50.0,0.0005852,0.02926,PARTIAL_FILL,BUY
38116105,BTC-STEEM,2018-01-25T16:11:08.543,32.35183098,0.000584,0.01889346,PARTIAL_FILL,SELL
38116104,BTC-STEEM,2018-01-25T16:11:08.543,5.25885199,0.000584,0.00307116,FILL,SELL
38116099,BTC-STEEM,2018-01-25T16:11:05.933,25.395654,0.000584,0.01483106,PARTIAL_FILL,SELL
38116098,BTC-STEEM,2018-01-25T16:11:05.213,32.0,0.000584,0.018688,PARTIAL_FILL,BUY
38116097,BTC-STEEM,2018-01-25T16:11:05.213,2.84981144,0.00058395,0.00166414,PARTIAL_FILL,BUY
38116096,BTC-STEEM,2018-01-25T16:11:05.213,26.82706669,0.00058393,0.01566512,PARTIAL_FILL,BUY
38116089,BTC-STEEM,2018-01-25T16:10:59.557,14.54355992,0.00058393,0.00849242,FILL,BUY
38116081,BTC-STEEM,2018-01-25T16:10:57.277,20.329313,0.00058303,0.01185259,PARTIAL_FILL,SELL
38116078,BTC-STEEM,2018-01-25T16:10:54.993,41.04781313,0.00058394,0.02396945,FILL,BUY
38116070,BTC-STEEM,2018-01-25T16:10:47.573,2.66512458,0.00058395,0.00155629,FILL,BUY
38116067,BTC-STEEM,2018-01-25T16:10:46.463,45.0,0.00058301,0.02623545,PARTIAL_FILL,SELL
38116060,BTC-STEEM,2018-01-25T16:10:40.79,34.16395222,0.00058395,0.01995003,FILL,BUY
38116057,BTC-STEEM,2018-01-25T16:10:37.917,51.99919396,0.00058395,0.03036492,FILL,BUY
38116056,BTC-STEEM,2018-01-25T16:10:37.917,39.67888824,0.00058394,0.02317008,PARTIAL_FILL,BUY
38116046,BTC-STEEM,2018-01-25T16:10:32.087,21.464521,0.000583,0.01251381,PARTIAL_FILL,SELL
38116034,BTC-STEEM,2018-01-25T16:10:23.4,34.1609589,0.00058395,0.01994829,FILL,BUY
38116028,BTC-STEEM,2018-01-25T16:10:16.9,34.1609589,0.00058395,0.01994829,FILL,BUY
38116025,BTC-STEEM,2018-01-25T16:10:16.243,50.0,0.000583,0.02915,PARTIAL_FILL,BUY
38116024,BTC-STEEM,2018-01-25T16:10:16.243,5.73026337,0.000583,0.00334074,PARTIAL_FILL,BUY
38116020,BTC-STEEM,2018-01-25T16:10:12.337,13.04218223,0.000583,0.00760359,FILL,BUY
38116019,BTC-STEEM,2018-01-25T16:10:12.337,39.19508053,0.00058299,0.02285033,PARTIAL_FILL,BUY
38116010,BTC-STEEM,2018-01-25T16:09:58.133,208.31885815,0.000583,0.12144989,FILL,BUY
38116008,BTC-STEEM,2018-01-25T16:09:57.21,24.263014,0.00058273,0.01413878,PARTIAL_FILL,SELL
38115998,BTC-STEEM,2018-01-25T16:09:43.787,10.2584015,0.00058273,0.00597787,PARTIAL_FILL,BUY
38115995,BTC-STEEM,2018-01-25T16:09:37.1,3.010003,0.00058273,0.00175401,FILL,BUY
38115984,BTC-STEEM,2018-01-25T16:09:17.707,17.1177046,0.00058273,0.009975,FILL,BUY
38115982,BTC-STEEM,2018-01-25T16:09:17.13,41.50899231,0.00058272,0.02418811,PARTIAL_FILL,SELL
38115981,BTC-STEEM,2018-01-25T16:09:16.927,68.46395834,0.00058273,0.039896,FILL,BUY
38115980,BTC-STEEM,2018-01-25T16:09:16.927,81.46907702,0.00058273,0.04747447,PARTIAL_FILL,BUY
38115979,BTC-STEEM,2018-01-25T16:09:16.927,787.81927716,0.00058273,0.45908592,PARTIAL_FILL,BUY
38115975,BTC-STEEM,2018-01-25T16:09:13.02,17.36171394,0.00058272,0.01011701,PARTIAL_FILL,SELL
38115973,BTC-STEEM,2018-01-25T16:09:10.88,40.43171677,0.00058272,0.02356036,PARTIAL_FILL,SELL
38115972,BTC-STEEM,2018-01-25T16:09:04.097,3.0,0.00058273,0.00174819,FILL,BUY
38115968,BTC-STEEM,2018-01-25T16:09:01.33,14.0,0.00058273,0.00815822,FILL,BUY
38115965,BTC-STEEM,2018-01-25T16:09:00.66,38.22070634,0.00058272,0.02227196,PARTIAL_FILL,SELL
38115955,BTC-STEEM,2018-01-25T16:08:52.91,36.68751716,0.00058272,0.02137854,PARTIAL_FILL,SELL
38115951,BTC-STEEM,2018-01-25T16:08:50.503,124.6468968,0.00058273,0.07263548,FILL,BUY
38115949,BTC-STEEM,2018-01-25T16:08:47.52,11.0,0.00058273,0.00641003,FILL,BUY
38115947,BTC-STEEM,2018-01-25T16:08:45.173,38.34174217,0.00058272,0.02234249,PARTIAL_FILL,SELL
38115940,BTC-STEEM,2018-01-25T16:08:40.067,171.60311631,0.00058273,0.09999828,FILL,BUY
38115937,BTC-STEEM,2018-01-25T16:08:38.817,102.70591947,0.00058273,0.05984982,FILL,BUY
38115934,BTC-STEEM,2018-01-25T16:08:37.207,51.63846593,0.00058273,0.03009128,FILL,BUY
38115932,BTC-STEEM,2018-01-25T16:08:36.893,13.419687,0.00058273,0.00782005,FILL,BUY
38115927,BTC-STEEM,2018-01-25T16:08:33.66,14.77391,0.00058273,0.0086092,FILL,BUY
38115922,BTC-STEEM,2018-01-25T16:08:27.377,34.64987616,0.00058273,0.02019152,FILL,BUY
38115920,BTC-STEEM,2018-01-25T16:08:27.313,171.60606113,0.00058273,0.1,FILL,SELL
38115914,BTC-STEEM,2018-01-25T16:08:22.36,22.90869625,0.000583,0.01335576,FILL,BUY
38115913,BTC-STEEM,2018-01-25T16:08:22.36,36.96895315,0.00058299,0.02155252,PARTIAL_FILL,BUY
38115900,BTC-STEEM,2018-01-25T16:08:03.64,1121.31407083,0.00058272,0.65341213,PARTIAL_FILL,BUY
38115899,BTC-STEEM,2018-01-25T16:08:03.64,42.39331743,0.00058271,0.024703,PARTIAL_FILL,BUY
38115897,BTC-STEEM,2018-01-25T16:08:02.14,10.0,0.00058261,0.0058261,PARTIAL_FILL,SELL
38115896,BTC-STEEM,2018-01-25T16:07:58.39,1812.508295,0.00058272,1.05618483,FILL,BUY
38115882,BTC-STEEM,2018-01-25T16:07:46.267,8.68055555,0.00058261,0.00505737,PARTIAL_FILL,SELL
38115867,BTC-STEEM,2018-01-25T16:07:29.513,39.70798724,0.00058261,0.02313427,PARTIAL_FILL,BUY
38115864,BTC-STEEM,2018-01-25T16:07:29.17,70.0,0.00058191,0.0407337,PARTIAL_FILL,SELL
38115857,BTC-STEEM,2018-01-25T16:07:21.797,3.08000129,0.00058261,0.00179443,FILL,BUY
38115847,BTC-STEEM,2018-01-25T16:07:16.077,11.65024806,0.00058262,0.00678766,FILL,BUY
38115835,BTC-STEEM,2018-01-25T16:07:08.53,3.9826871,0.00058189,0.00231748,PARTIAL_FILL,SELL
38115833,BTC-STEEM,2018-01-25T16:07:08.34,40.98312327,0.00058261,0.02387717,FILL,SELL
38115820,BTC-STEEM,2018-01-25T16:06:59.34,176.52606874,0.00058262,0.10284761,FILL,BUY
38115819,BTC-STEEM,2018-01-25T16:06:59.34,36.80340193,0.00058261,0.02144202,PARTIAL_FILL,BUY
38115806,BTC-STEEM,2018-01-25T16:06:55.793,17.636684,0.00058262,0.01027548,FILL,BUY
38115793,BTC-STEEM,2018-01-25T16:06:48.56,10.40783751,0.00058189,0.00605621,PARTIAL_FILL,BUY
38115791,BTC-STEEM,2018-01-25T16:06:48.42,39.80320684,0.00058188,0.02316068,PARTIAL_FILL,SELL
38115784,BTC-STEEM,2018-01-25T16:06:42.323,22.85277003,0.00058188,0.01329756,PARTIAL_FILL,SELL
38115783,BTC-STEEM,2018-01-25T16:06:42.323,16.99487896,0.00058188,0.00988898,FILL,SELL
38115777,BTC-STEEM,2018-01-25T16:06:39.183,17.6366843,0.00058189,0.01026261,FILL,BUY
38115769,BTC-STEEM,2018-01-25T16:06:35.92,40.86990444,0.00058188,0.02378137,PARTIAL_FILL,SELL
38115768,BTC-STEEM,2018-01-25T16:06:35.073,6.84548868,0.00058189,0.00398332,FILL,BUY
38115767,BTC-STEEM,2018-01-25T16:06:35.073,4.9e-07,0.00058189,0.0,PARTIAL_FILL,BUY
38115763,BTC-STEEM,2018-01-25T16:06:34.23,36.15699,0.00058189,0.02103939,FILL,BUY
38115754,BTC-STEEM,2018-01-25T16:06:28.917,68.89662062,0.00058188,0.04008956,PARTIAL_FILL,SELL
38115750,BTC-STEEM,2018-01-25T16:06:24.06,5.25302048,0.00058188,0.00305662,PARTIAL_FILL,SELL
38115744,BTC-STEEM,2018-01-25T16:06:20.387,17.9855755,0.00058188,0.01046544,PARTIAL_FILL,BUY
38115737,BTC-STEEM,2018-01-25T16:06:17.747,3.17193274,0.00058188,0.00184568,FILL,BUY
38115730,BTC-STEEM,2018-01-25T16:06:13.557,15.46710661,0.00058188,0.00899999,FILL,BUY
38115728,BTC-STEEM,2018-01-25T16:06:11.603,2.21693323,0.00058188,0.00128998,FILL,BUY
38115726,BTC-STEEM,2018-01-25T16:06:11.213,3.82063839,0.00058149,0.00222166,PARTIAL_FILL,SELL
38115712,BTC-STEEM,2018-01-25T16:05:59.697,172.608673,0.00058149,0.10037021,PARTIAL_FILL,SELL
38115704,BTC-STEEM,2018-01-25T16:05:53.37,6.0,0.000581,0.003486,PARTIAL_FILL,SELL
38115701,BTC-STEEM,2018-01-25T16:05:50.837,7.71021808,0.00058189,0.00448649,FILL,BUY
38115695,BTC-STEEM,2018-01-25T16:05:49.73,37.5732224,0.000581,0.02183004,PARTIAL_FILL,SELL
38115681,BTC-STEEM,2018-01-25T16:05:42.65,200.0,0.0005815,0.1163,PARTIAL_FILL,BUY
38115680,BTC-STEEM,2018-01-25T16:05:42.65,172.43474311,0.00058149,0.10026907,PARTIAL_FILL,BUY
38115679,BTC-STEEM,2018-01-25T16:05:42.65,50.0,0.0005812,0.02906,PARTIAL_FILL,BUY
38115678,BTC-STEEM,2018-01-25T16:05:42.65,22.59034648,0.00058114,0.01312815,PARTIAL_FILL,BUY
38115675,BTC-STEEM,2018-01-25T16:05:41.587,15.16861711,0.000581,0.00881296,PARTIAL_FILL,BUY
38115673,BTC-STEEM,2018-01-25T16:05:41.54,1.56760223,0.00058031,0.00090969,PARTIAL_FILL,SELL
38115672,BTC-STEEM,2018-01-25T16:05:41.54,12.45115697,0.00058031,0.00722553,FILL,SELL
38115671,BTC-STEEM,2018-01-25T16:05:41.54,26.1925613,0.00058031,0.0151998,FILL,SELL
38115670,BTC-STEEM,2018-01-25T16:05:41.54,9.7886795,0.00058031,0.00568046,FILL,SELL
38115668,BTC-STEEM,2018-01-25T16:05:40.697,2.33588383,0.000581,0.00135714,FILL,BUY
38115667,BTC-STEEM,2018-01-25T16:05:40.697,49.06210412,0.00058058,0.02848447,PARTIAL_FILL,BUY
38115666,BTC-STEEM,2018-01-25T16:05:40.697,70.09049217,0.00058058,0.04069313,PARTIAL_FILL,BUY
38115665,BTC-STEEM,2018-01-25T16:05:40.697,38.01868885,0.00058056,0.02207212,PARTIAL_FILL,BUY
38115663,BTC-STEEM,2018-01-25T16:05:39.197,186.09169427,0.00058058,0.10804111,FILL,BUY
38115661,BTC-STEEM,2018-01-25T16:05:38.913,51.08935061,0.00058058,0.02966145,FILL,BUY
38115660,BTC-STEEM,2018-01-25T16:05:38.913,41.95650511,0.00058057,0.02435868,PARTIAL_FILL,BUY
38115647,BTC-STEEM,2018-01-25T16:05:25.037,50.0,0.00058031,0.0290155,PARTIAL_FILL,SELL
38115627,BTC-STEEM,2018-01-25T16:05:04.83,1.97804197,0.00058057,0.00114839,FILL,BUY
38115619,BTC-STEEM,2018-01-25T16:04:59.94,100.0,0.00058031,0.058031,PARTIAL_FILL,SELL
38115618,BTC-STEEM,2018-01-25T16:04:57.91,497.50311158,0.00058058,0.28884035,FILL,BUY
38115617,BTC-STEEM,2018-01-25T16:04:57.91,7.49319059,0.00058057,0.00435032,PARTIAL_FILL,BUY
38115611,BTC-STEEM,2018-01-25T16:04:52.08,1.08331836,0.00058031,0.00062866,PARTIAL_FILL,SELL
38115610,BTC-STEEM,2018-01-25T16:04:52.08,18.91668164,0.00058037,0.01097867,FILL,SELL
