Id,Pair,TimeStamp,Quantity,Price,Total,FillType,OrderType
14081390,BTC-SBD,2018-01-24T15:07:30.187,163.5763667,0.0006104,0.09984701,PARTIAL_FILL,SELL
14081296,BTC-SBD,2018-01-24T15:06:26.967,2.4982629,0.00061,0.00152394,PARTIAL_FILL,SELL
14081265,BTC-SBD,2018-01-24T15:06:13.327,3.61750451,0.00061,0.00220667,PARTIAL_FILL,SELL
14081256,BTC-SBD,2018-01-24T15:06:10.56,384.74191036,0.00061894,0.23813215,FILL,SELL
14081253,BTC-SBD,2018-01-24T15:06:08.123,232.67352917,0.00061894,0.14401095,PARTIAL_FILL,SELL
14081240,BTC-SBD,2018-01-24T15:06:00.67,39.31396675,0.00061897,0.02433416,FILL,SELL
14081236,BTC-SBD,2018-01-24T15:05:59.327,1.40998229,0.00061897,0.00087273,PARTIAL_FILL,BUY
14081234,BTC-SBD,2018-01-24T15:05:59.14,5.28508465,0.00061894,0.00327115,PARTIAL_FILL,SELL
14081228,BTC-SBD,2018-01-24T15:05:56.67,3.61750451,0.00061894,0.00223901,PARTIAL_FILL,SELL
14081220,BTC-SBD,2018-01-24T15:05:54.31,18.14373134,0.00061894,0.01122988,PARTIAL_FILL,SELL
14081201,BTC-SBD,2018-01-24T15:05:47.42,11.79902637,0.00061894,0.00730288,PARTIAL_FILL,BUY
14081200,BTC-SBD,2018-01-24T15:05:47.42,98.11664907,0.00061894,0.06072831,PARTIAL_FILL,BUY
14081199,BTC-SBD,2018-01-24T15:05:47.42,80.16686842,0.00061893,0.04961767,PARTIAL_FILL,BUY
14081174,BTC-SBD,2018-01-24T15:05:32.387,4.505,0.00061,0.00274805,PARTIAL_FILL,SELL
14081171,BTC-SBD,2018-01-24T15:05:31.153,73.30659636,0.00061894,0.04537238,FILL,BUY
14081168,BTC-SBD,2018-01-24T15:05:28.153,2.18117394,0.00061,0.00133051,PARTIAL_FILL,SELL
14081143,BTC-SBD,2018-01-24T15:04:57.09,1.56595477,0.00060801,0.00095211,PARTIAL_FILL,BUY
14081116,BTC-SBD,2018-01-24T15:04:45.793,5.99900356,0.00060801,0.00364745,FILL,SELL
14081115,BTC-SBD,2018-01-24T15:04:45.777,1.52936794,0.00060801,0.00092987,FILL,SELL
14081113,BTC-SBD,2018-01-24T15:04:44.45,14.13428066,0.00061,0.00862191,FILL,SELL
14081110,BTC-SBD,2018-01-24T15:04:38.37,126.09646124,0.00061375,0.0773917,FILL,SELL
14081107,BTC-SBD,2018-01-24T15:04:36.963,263.67979076,0.00061375,0.16183347,PARTIAL_FILL,SELL
14081106,BTC-SBD,2018-01-24T15:04:36.37,626.87010766,0.00061375,0.38474152,PARTIAL_FILL,SELL
14081105,BTC-SBD,2018-01-24T15:04:36.37,235.73001233,0.00061375,0.14467929,FILL,SELL
14081099,BTC-SBD,2018-01-24T15:04:18.793,2.13593806,0.00061375,0.00131093,PARTIAL_FILL,SELL
14081094,BTC-SBD,2018-01-24T15:04:14.073,4.97116723,0.00061375,0.00305105,PARTIAL_FILL,SELL
14081093,BTC-SBD,2018-01-24T15:04:12.747,2.32091643,0.00061375,0.00142446,PARTIAL_FILL,SELL
14081092,BTC-SBD,2018-01-24T15:04:12.247,1.74299895,0.00061375,0.00106976,PARTIAL_FILL,SELL
14081089,BTC-SBD,2018-01-24T15:04:09.167,17.05298013,0.00061375,0.01046626,PARTIAL_FILL,SELL
14081087,BTC-SBD,2018-01-24T15:04:07.213,40.25362669,0.00061899,0.02491659,FILL,BUY
14081086,BTC-SBD,2018-01-24T15:04:07.213,62.58899373,0.00061898,0.03874133,PARTIAL_FILL,BUY
14081082,BTC-SBD,2018-01-24T15:04:06.2,6.17799609,0.00061375,0.00379174,FILL,SELL
14081079,BTC-SBD,2018-01-24T15:04:03.387,5.45806387,0.00061375,0.00334988,PARTIAL_FILL,SELL
14081077,BTC-SBD,2018-01-24T15:04:02.307,4.49877471,0.00061375,0.00276112,PARTIAL_FILL,SELL
14081075,BTC-SBD,2018-01-24T15:04:00.183,1.9919988,0.00061375,0.00122258,PARTIAL_FILL,SELL
14081074,BTC-SBD,2018-01-24T15:03:59.543,192.70502743,0.00061899,0.11928248,FILL,BUY
14081073,BTC-SBD,2018-01-24T15:03:59.543,84.1,0.00061898,0.05205621,PARTIAL_FILL,BUY
14081071,BTC-SBD,2018-01-24T15:03:59.293,22.54604532,0.00061375,0.01383763,PARTIAL_FILL,SELL
14081067,BTC-SBD,2018-01-24T15:03:52.497,367.60155522,0.00061375,0.22561545,PARTIAL_FILL,SELL
14081066,BTC-SBD,2018-01-24T15:03:52.497,63.0,0.00061376,0.03866688,FILL,SELL
14081065,BTC-SBD,2018-01-24T15:03:52.497,19.58783922,0.00061377,0.01202242,FILL,SELL
14081060,BTC-SBD,2018-01-24T15:03:47.823,84.1,0.00061899,0.05205705,FILL,SELL
14081056,BTC-SBD,2018-01-24T15:03:46.043,60.5790292,0.00061377,0.03718159,PARTIAL_FILL,SELL
14081055,BTC-SBD,2018-01-24T15:03:46.043,625.60138308,0.00061898,0.38723474,FILL,SELL
14081054,BTC-SBD,2018-01-24T15:03:46.043,165.40109772,0.00062092,0.10270084,FILL,SELL
14081053,BTC-SBD,2018-01-24T15:03:45.527,61.01767348,0.000625,0.03813604,FILL,SELL
14081052,BTC-SBD,2018-01-24T15:03:45.45,816.56974281,0.000625,0.51035608,PARTIAL_FILL,SELL
14081051,BTC-SBD,2018-01-24T15:03:45.45,63.99897602,0.00062501,0.04,FILL,SELL
14081047,BTC-SBD,2018-01-24T15:03:44.307,2.98130254,0.000625,0.00186331,PARTIAL_FILL,SELL
14081046,BTC-SBD,2018-01-24T15:03:43.713,750.0,0.000625,0.46875,PARTIAL_FILL,BUY
14081045,BTC-SBD,2018-01-24T15:03:43.713,46.532,0.00062287,0.02898338,PARTIAL_FILL,BUY
14081044,BTC-SBD,2018-01-24T15:03:43.713,25.0,0.00062165,0.01554125,PARTIAL_FILL,BUY
14081043,BTC-SBD,2018-01-24T15:03:43.713,1.90960954,0.00062165,0.0011871,PARTIAL_FILL,BUY
14081042,BTC-SBD,2018-01-24T15:03:43.713,0.81356389,0.00062129,0.00050545,PARTIAL_FILL,BUY
14081036,BTC-SBD,2018-01-24T15:03:42.2,3.99482284,0.00062092,0.00248046,PARTIAL_FILL,SELL
14081027,BTC-SBD,2018-01-24T15:03:40.213,8.86843611,0.00062129,0.00550987,FILL,BUY
14081026,BTC-SBD,2018-01-24T15:03:40.213,18.69545045,0.00062129,0.01161529,PARTIAL_FILL,BUY
14081022,BTC-SBD,2018-01-24T15:03:37.307,55.93546827,0.00062129,0.03475214,FILL,BUY
14081021,BTC-SBD,2018-01-24T15:03:37.307,24.60932693,0.00062093,0.01528066,PARTIAL_FILL,BUY
14081009,BTC-SBD,2018-01-24T15:03:31.213,30.89359727,0.00062129,0.01919388,FILL,SELL
14081004,BTC-SBD,2018-01-24T15:03:26.98,2.1624416,0.00062129,0.0013435,PARTIAL_FILL,SELL
14080999,BTC-SBD,2018-01-24T15:03:25.243,3.34773226,0.00062129,0.00207991,PARTIAL_FILL,BUY
14080998,BTC-SBD,2018-01-24T15:03:25.243,3.60440267,0.0006212,0.00223905,PARTIAL_FILL,BUY
14080996,BTC-SBD,2018-01-24T15:03:24.09,4.81117218,0.00062,0.00298292,FILL,SELL
14080995,BTC-SBD,2018-01-24T15:03:23.51,217.77772654,0.00062,0.13502219,PARTIAL_FILL,SELL
14080994,BTC-SBD,2018-01-24T15:03:23.51,2.79812622,0.00062,0.00173483,FILL,SELL
14080990,BTC-SBD,2018-01-24T15:03:20.98,6.80338224,0.00062,0.00421809,PARTIAL_FILL,SELL
14080989,BTC-SBD,2018-01-24T15:03:20.79,6.48720122,0.00062,0.00402206,PARTIAL_FILL,SELL
14080988,BTC-SBD,2018-01-24T15:03:20.79,15.83567162,0.00062,0.00981811,FILL,SELL
14080986,BTC-SBD,2018-01-24T15:03:20.59,2.16666666,0.00062,0.00134333,PARTIAL_FILL,SELL
14080984,BTC-SBD,2018-01-24T15:03:20.09,2.16726598,0.00062,0.0013437,PARTIAL_FILL,SELL
14080983,BTC-SBD,2018-01-24T15:03:20.09,17.2439278,0.0006212,0.01071192,FILL,SELL
14080982,BTC-SBD,2018-01-24T15:03:19.29,8.1404057,0.0006212,0.00505682,PARTIAL_FILL,SELL
14080975,BTC-SBD,2018-01-24T15:03:15.59,12.79745635,0.000621,0.00794722,PARTIAL_FILL,BUY
14080974,BTC-SBD,2018-01-24T15:03:15.59,33.43085593,0.00062092,0.02075788,PARTIAL_FILL,BUY
14080972,BTC-SBD,2018-01-24T15:03:15.12,20.11514407,0.00062092,0.01248989,FILL,BUY
14080968,BTC-SBD,2018-01-24T15:03:14.213,3.5,0.00062,0.00217,PARTIAL_FILL,SELL
14080962,BTC-SBD,2018-01-24T15:03:11.667,10.50211161,0.00062,0.0065113,PARTIAL_FILL,SELL
14080927,BTC-SBD,2018-01-24T15:02:53.353,30.14756735,0.00062092,0.01871922,PARTIAL_FILL,BUY
14080926,BTC-SBD,2018-01-24T15:02:53.353,13.976,0.00062,0.00866512,PARTIAL_FILL,BUY
14080922,BTC-SBD,2018-01-24T15:02:51.48,10.48332271,0.000619,0.00648917,PARTIAL_FILL,SELL
14080904,BTC-SBD,2018-01-24T15:02:38.883,3.61798057,0.000619,0.00223952,PARTIAL_FILL,SELL
14080900,BTC-SBD,2018-01-24T15:02:36.57,10.57247998,0.000619,0.00654436,PARTIAL_FILL,SELL
14080899,BTC-SBD,2018-01-24T15:02:36.167,244.49236186,0.000619,0.15134077,PARTIAL_FILL,BUY
14080896,BTC-SBD,2018-01-24T15:02:35.697,79.06137725,0.000619,0.04893899,FILL,BUY
14080876,BTC-SBD,2018-01-24T15:02:28.697,30.11787592,0.00061898,0.01864236,PARTIAL_FILL,BUY
14080875,BTC-SBD,2018-01-24T15:02:28.697,5.05927787,0.00061898,0.00313159,PARTIAL_FILL,BUY
14080874,BTC-SBD,2018-01-24T15:02:28.697,4.74570383,0.00061898,0.00293749,PARTIAL_FILL,BUY
14080862,BTC-SBD,2018-01-24T15:02:23.977,2.0,0.00061898,0.00123796,FILL,BUY
14080831,BTC-SBD,2018-01-24T15:02:06.853,18.6777526,0.00061376,0.01146365,PARTIAL_FILL,SELL
14080775,BTC-SBD,2018-01-24T15:01:42.82,72.95071918,0.00061366,0.04476693,PARTIAL_FILL,SELL
14080774,BTC-SBD,2018-01-24T15:01:42.587,1.45138319,0.00061366,0.00089065,PARTIAL_FILL,SELL
14080758,BTC-SBD,2018-01-24T15:01:36.773,17.84622502,0.00061366,0.01095151,PARTIAL_FILL,SELL
14080756,BTC-SBD,2018-01-24T15:01:36.32,17.28358661,0.00061366,0.01060624,PARTIAL_FILL,BUY
14080755,BTC-SBD,2018-01-24T15:01:36.32,1.46271074,0.00061299,0.00089662,PARTIAL_FILL,BUY
14080754,BTC-SBD,2018-01-24T15:01:36.32,1.46986659,0.00061299,0.00090101,PARTIAL_FILL,BUY
14080753,BTC-SBD,2018-01-24T15:01:36.32,1.46986659,0.00061299,0.00090101,PARTIAL_FILL,BUY
14080752,BTC-SBD,2018-01-24T15:01:36.32,1.1955881,0.00061298,0.00073287,PARTIAL_FILL,BUY
14080745,BTC-SBD,2018-01-24T15:01:33.383,3.46649538,0.00061298,0.00212489,FILL,BUY
14080743,BTC-SBD,2018-01-24T15:01:32.993,12.84489373,0.00061221,0.00786377,PARTIAL_FILL,SELL
14080740,BTC-SBD,2018-01-24T15:01:32.383,5.42054242,0.00061199,0.00331731,PARTIAL_FILL,BUY
14080722,BTC-SBD,2018-01-24T15:01:18.977,276.41596387,0.00061199,0.1691638,FILL,BUY
14080718,BTC-SBD,2018-01-24T15:01:16.367,33.36959887,0.000612,0.02042219,FILL,SELL
14080717,BTC-SBD,2018-01-24T15:01:16.367,2.85475932,0.000612,0.00174711,FILL,SELL
14080696,BTC-SBD,2018-01-24T15:01:05.68,7.5283715,0.000612,0.00460736,PARTIAL_FILL,SELL
14080684,BTC-SBD,2018-01-24T15:01:03.43,6.4,0.000612,0.0039168,FILL,BUY
14080683,BTC-SBD,2018-01-24T15:01:03.43,390.8208297,0.000612,0.23918234,PARTIAL_FILL,BUY
14080666,BTC-SBD,2018-01-24T15:00:54.96,1.79738562,0.000612,0.00109999,FILL,BUY
14080663,BTC-SBD,2018-01-24T15:00:54.617,5.99900356,0.00060801,0.00364745,FILL,BUY
14080660,BTC-SBD,2018-01-24T15:00:47.507,607.008,0.000612,0.37148889,FILL,BUY
14080650,BTC-SBD,2018-01-24T15:00:42.32,31.43026392,0.000612,0.01923532,FILL,BUY
14080642,BTC-SBD,2018-01-24T15:00:40.507,24.60932693,0.000612,0.0150609,FILL,BUY
14080638,BTC-SBD,2018-01-24T15:00:37.07,651.89542484,0.000612,0.39896,FILL,BUY
14080631,BTC-SBD,2018-01-24T15:00:35.257,2.96890803,0.000612,0.00181697,FILL,BUY
14080629,BTC-SBD,2018-01-24T15:00:34.963,3.67904507,0.00061199,0.00225153,PARTIAL_FILL,SELL
14080626,BTC-SBD,2018-01-24T15:00:34.6,86.02380083,0.00061199,0.0526457,PARTIAL_FILL,BUY
14080625,BTC-SBD,2018-01-24T15:00:34.6,12.5715826,0.0006118,0.00769129,PARTIAL_FILL,BUY
14080624,BTC-SBD,2018-01-24T15:00:34.6,40.0,0.00061179,0.0244716,PARTIAL_FILL,BUY
14080607,BTC-SBD,2018-01-24T15:00:27.617,102.2114174,0.0006118,0.06253294,FILL,BUY
14080606,BTC-SBD,2018-01-24T15:00:27.617,28.91171475,0.0006118,0.01768818,PARTIAL_FILL,BUY
14080605,BTC-SBD,2018-01-24T15:00:27.617,1.46271074,0.00061174,0.00089479,PARTIAL_FILL,BUY
14080604,BTC-SBD,2018-01-24T15:00:27.617,37.9686245,0.0006117,0.0232254,PARTIAL_FILL,BUY
14080590,BTC-SBD,2018-01-24T15:00:22.163,1.45138319,0.00061011,0.0008855,PARTIAL_FILL,BUY
14080589,BTC-SBD,2018-01-24T15:00:22.163,12.30311513,0.00061,0.0075049,PARTIAL_FILL,BUY
14080585,BTC-SBD,2018-01-24T15:00:21.477,67.32529735,0.00060999,0.04106775,PARTIAL_FILL,BUY
14080583,BTC-SBD,2018-01-24T15:00:21.133,327.02175445,0.00060999,0.19947999,FILL,BUY
14080576,BTC-SBD,2018-01-24T15:00:19.053,4.66208348,0.00060306,0.00281151,PARTIAL_FILL,SELL
14080567,BTC-SBD,2018-01-24T15:00:14.21,1635.10877227,0.00060999,0.99739999,FILL,BUY
14080558,BTC-SBD,2018-01-24T15:00:09.227,280.79838865,0.00060999,0.1712842,FILL,BUY
14080556,BTC-SBD,2018-01-24T15:00:09.117,1.15967639,0.00060999,0.00070739,FILL,BUY
14080554,BTC-SBD,2018-01-24T15:00:09.087,1.97489795,0.00060999,0.00120466,FILL,BUY
14080552,BTC-SBD,2018-01-24T15:00:09.023,817.55438614,0.00060999,0.4987,FILL,BUY
14080544,BTC-SBD,2018-01-24T15:00:01.553,1825.5341027,0.00060999,1.11355754,FILL,BUY
14080543,BTC-SBD,2018-01-24T15:00:01.54,54.88513398,0.00060997,0.03347828,PARTIAL_FILL,BUY
14080542,BTC-SBD,2018-01-24T15:00:01.54,1.48270693,0.00060997,0.0009044,PARTIAL_FILL,BUY
14080525,BTC-SBD,2018-01-24T14:59:40.85,2.20722704,0.00060305,0.00133106,PARTIAL_FILL,SELL
14080524,BTC-SBD,2018-01-24T14:59:40.43,2.20722704,0.00060305,0.00133106,PARTIAL_FILL,SELL
14080522,BTC-SBD,2018-01-24T14:59:38.053,18.23460537,0.00060999,0.01112292,FILL,BUY
14080521,BTC-SBD,2018-01-24T14:59:38.053,1.48270693,0.00060999,0.00090443,PARTIAL_FILL,BUY
14080520,BTC-SBD,2018-01-24T14:59:38.053,1.5116877,0.00060998,0.00092209,PARTIAL_FILL,BUY
14080508,BTC-SBD,2018-01-24T14:59:15.88,1.48270693,0.00060305,0.00089414,PARTIAL_FILL,SELL
14080495,BTC-SBD,2018-01-24T14:59:09.46,1.5116877,0.00060302,0.00091157,PARTIAL_FILL,SELL
14080494,BTC-SBD,2018-01-24T14:59:09.46,0.69553934,0.00060504,0.00042082,FILL,SELL
14080491,BTC-SBD,2018-01-24T14:59:05.49,0.75584385,0.00060504,0.00045731,PARTIAL_FILL,SELL
14080490,BTC-SBD,2018-01-24T14:59:05.49,1.45138319,0.00060504,0.00087814,FILL,SELL
14080485,BTC-SBD,2018-01-24T14:58:55.727,10.09559265,0.00060999,0.00615821,FILL,BUY
14080484,BTC-SBD,2018-01-24T14:58:55.727,2.20752248,0.00060826,0.00134274,PARTIAL_FILL,BUY
14080478,BTC-SBD,2018-01-24T14:58:52.227,37.42511758,0.00060999,0.02282894,FILL,SELL
14080467,BTC-SBD,2018-01-24T14:58:36.053,3.67904507,0.00060999,0.00224418,PARTIAL_FILL,SELL
14080455,BTC-SBD,2018-01-24T14:58:25.13,40.0,0.00060999,0.0243996,PARTIAL_FILL,BUY
14080452,BTC-SBD,2018-01-24T14:58:21.583,2.20752248,0.00060596,0.00133767,PARTIAL_FILL,SELL
14080396,BTC-SBD,2018-01-24T14:57:59.973,16.557,0.00060597,0.01003304,FILL,BUY
14080382,BTC-SBD,2018-01-24T14:57:52.803,1.48270693,0.000603,0.00089407,PARTIAL_FILL,SELL
14080378,BTC-SBD,2018-01-24T14:57:51.677,2.21865874,0.000603,0.00133785,PARTIAL_FILL,SELL
14080376,BTC-SBD,2018-01-24T14:57:50.817,44.83197832,0.000603,0.02703368,PARTIAL_FILL,SELL
14080357,BTC-SBD,2018-01-24T14:57:46.38,21.0,0.000603,0.012663,PARTIAL_FILL,BUY
14080356,BTC-SBD,2018-01-24T14:57:46.38,60.0,0.00060298,0.0361788,PARTIAL_FILL,BUY
14080355,BTC-SBD,2018-01-24T14:57:46.38,6.121,0.00060298,0.00369084,PARTIAL_FILL,BUY
14080353,BTC-SBD,2018-01-24T14:57:45.63,214.49936362,0.00060288,0.12931737,FILL,BUY
14080346,BTC-SBD,2018-01-24T14:57:38.177,58.42725164,0.00060288,0.03522462,FILL,BUY
14080340,BTC-SBD,2018-01-24T14:57:35.397,12.08989294,0.0006,0.00725393,FILL,SELL
14080313,BTC-SBD,2018-01-24T14:57:20.113,2.21865874,0.0006,0.00133119,PARTIAL_FILL,SELL
14080310,BTC-SBD,2018-01-24T14:57:17.817,19.088,0.00060287,0.01150758,FILL,BUY
14080304,BTC-SBD,2018-01-24T14:57:13.41,2.21865874,0.0006,0.00133119,PARTIAL_FILL,SELL
14080286,BTC-SBD,2018-01-24T14:57:01.943,200.0,0.00060288,0.120576,FILL,BUY
14080284,BTC-SBD,2018-01-24T14:57:00.177,158.44857442,0.00060288,0.09552547,FILL,BUY
14080278,BTC-SBD,2018-01-24T14:56:56.363,198.51729307,0.00060288,0.1196821,FILL,BUY
14080277,BTC-SBD,2018-01-24T14:56:56.363,1.48270693,0.00060192,0.00089247,PARTIAL_FILL,BUY
14080272,BTC-SBD,2018-01-24T14:56:49.94,200.0,0.00060288,0.120576,FILL,BUY
14080267,BTC-SBD,2018-01-24T14:56:47.537,2.21865874,0.0006,0.00133119,PARTIAL_FILL,SELL
14080266,BTC-SBD,2018-01-24T14:56:43.613,37.73770277,0.00060288,0.0227513,FILL,BUY
14080261,BTC-SBD,2018-01-24T14:56:39.41,2.21865874,0.0006,0.00133119,PARTIAL_FILL,SELL
14080257,BTC-SBD,2018-01-24T14:56:24.77,33.17409767,0.00060288,0.02,FILL,BUY
14080255,BTC-SBD,2018-01-24T14:56:21.05,3143.4600464,0.00060288,1.89512919,FILL,BUY
14080249,BTC-SBD,2018-01-24T14:56:14.567,669.12675159,0.00060288,0.40340313,FILL,BUY
14080245,BTC-SBD,2018-01-24T14:56:13.27,2.21865874,0.0006,0.00133119,PARTIAL_FILL,SELL
14080211,BTC-SBD,2018-01-24T14:55:54.723,1.48270693,0.00060045,0.00089029,PARTIAL_FILL,BUY
14080194,BTC-SBD,2018-01-24T14:55:38.817,2.21865874,0.0006,0.00133119,PARTIAL_FILL,SELL
14080181,BTC-SBD,2018-01-24T14:55:24.19,1.49695427,0.00060288,0.00090248,FILL,BUY
14080179,BTC-SBD,2018-01-24T14:55:05.3,87.94690435,0.00060288,0.05302142,FILL,BUY
14080178,BTC-SBD,2018-01-24T14:55:05.3,63.0,0.00060287,0.03798081,PARTIAL_FILL,BUY
14080177,BTC-SBD,2018-01-24T14:55:05.3,877.85967213,0.00060287,0.52923526,PARTIAL_FILL,BUY
14080176,BTC-SBD,2018-01-24T14:55:05.3,17.51046994,0.00060286,0.01055636,PARTIAL_FILL,BUY
14080170,BTC-SBD,2018-01-24T14:54:35.253,2.02981872,0.00060287,0.00122371,FILL,BUY
14080169,BTC-SBD,2018-01-24T14:54:35.253,4.088,0.00060286,0.00246449,PARTIAL_FILL,BUY
14080157,BTC-SBD,2018-01-24T14:54:16.19,20.49641957,0.00060287,0.01235667,FILL,BUY
14080122,BTC-SBD,2018-01-24T14:53:57.063,2.21873336,0.00059947,0.00133006,PARTIAL_FILL,SELL
14080112,BTC-SBD,2018-01-24T14:53:45.203,1.4912999,0.00059947,0.00089398,PARTIAL_FILL,BUY
14080108,BTC-SBD,2018-01-24T14:53:39.69,4.088,0.00059569,0.00243518,PARTIAL_FILL,SELL
14080089,BTC-SBD,2018-01-24T14:53:10.487,871.51235017,0.00059566,0.51912504,PARTIAL_FILL,SELL
14080077,BTC-SBD,2018-01-24T14:53:04.03,18.01260208,0.0005956,0.0107283,FILL,BUY
14080072,BTC-SBD,2018-01-24T14:53:02.907,76.95062951,0.0005956,0.04583179,FILL,SELL
14080071,BTC-SBD,2018-01-24T14:53:02.907,5.03676841,0.00059562,0.003,FILL,SELL
14080068,BTC-SBD,2018-01-24T14:52:58.89,1.4912999,0.00059947,0.00089398,PARTIAL_FILL,BUY
14080024,BTC-SBD,2018-01-24T14:52:07.5,28.178,0.0005956,0.01678281,PARTIAL_FILL,SELL
14080015,BTC-SBD,2018-01-24T14:52:00.5,8.11879528,0.0005956,0.00483555,PARTIAL_FILL,SELL
14079992,BTC-SBD,2018-01-24T14:51:45.06,24.58169025,0.00059949,0.01473647,PARTIAL_FILL,BUY
14079981,BTC-SBD,2018-01-24T14:51:41.967,112.32812572,0.00059382,0.06670268,FILL,BUY
14079977,BTC-SBD,2018-01-24T14:51:41.36,1.55655489,0.00059382,0.00092431,FILL,SELL
14079976,BTC-SBD,2018-01-24T14:51:41.36,1.06345357,0.00059382,0.00063149,FILL,SELL
14079975,BTC-SBD,2018-01-24T14:51:41.36,5.05186582,0.00059384,0.00299999,FILL,SELL
14079893,BTC-SBD,2018-01-24T14:50:32.653,176.35773489,0.00059382,0.10472475,FILL,BUY
14079885,BTC-SBD,2018-01-24T14:50:28.06,19.98943314,0.00059015,0.01179676,PARTIAL_FILL,SELL
14079884,BTC-SBD,2018-01-24T14:50:28.06,30.0,0.00059115,0.0177345,FILL,SELL
14079883,BTC-SBD,2018-01-24T14:50:28.06,16.84596288,0.00059213,0.009975,FILL,SELL
14079882,BTC-SBD,2018-01-24T14:50:28.06,3.0,0.0005922,0.0017766,FILL,SELL
14079881,BTC-SBD,2018-01-24T14:50:28.06,340.91881861,0.00059295,0.20214781,FILL,SELL
14079880,BTC-SBD,2018-01-24T14:50:28.06,6.74570383,0.00059297,0.004,FILL,SELL
14079879,BTC-SBD,2018-01-24T14:50:28.06,1.4912999,0.00059376,0.00088547,FILL,SELL
14079878,BTC-SBD,2018-01-24T14:50:28.06,1.48270693,0.00059376,0.00088037,FILL,SELL
14079877,BTC-SBD,2018-01-24T14:50:28.06,1.4912999,0.00059376,0.00088547,FILL,SELL
14079876,BTC-SBD,2018-01-24T14:50:28.06,1.48270693,0.00059376,0.00088037,FILL,SELL
14079875,BTC-SBD,2018-01-24T14:50:28.06,1.48270693,0.00059376,0.00088037,FILL,SELL
14079874,BTC-SBD,2018-01-24T14:50:28.06,1.48270693,0.00059376,0.00088037,FILL,SELL
14079873,BTC-SBD,2018-01-24T14:50:28.06,5.05212105,0.00059381,0.003,FILL,SELL
14079872,BTC-SBD,2018-01-24T14:50:28.06,49.86827378,0.00059382,0.02961277,FILL,SELL
14079843,BTC-SBD,2018-01-24T14:50:09.09,49.86827378,0.00059382,0.02961277,FILL,BUY
14079841,BTC-SBD,2018-01-24T14:50:08.03,5.05203597,0.00059382,0.00299999,FILL,SELL
14079840,BTC-SBD,2018-01-24T14:50:08.03,24.58169025,0.00059383,0.01459734,FILL,SELL
14079750,BTC-SBD,2018-01-24T14:48:22.777,72.95071918,0.00059966,0.04374562,PARTIAL_FILL,BUY
14079748,BTC-SBD,2018-01-24T14:48:22.48,41.78451956,0.00059966,0.0250565,FILL,BUY
14079745,BTC-SBD,2018-01-24T14:48:19.51,23.89203615,0.00059377,0.01418637,PARTIAL_FILL,SELL
14079744,BTC-SBD,2018-01-24T14:48:19.51,2.46799552,0.00059378,0.00146544,FILL,SELL
14079743,BTC-SBD,2018-01-24T14:48:19.51,2.07396833,0.00059502,0.00123405,FILL,SELL
14079736,BTC-SBD,2018-01-24T14:48:14.683,68.57814606,0.00059966,0.04112357,FILL,SELL
14079735,BTC-SBD,2018-01-24T14:48:14.683,63.29364055,0.00059966,0.03795466,FILL,SELL
14079689,BTC-SBD,2018-01-24T14:47:19.337,5.07,0.00059966,0.00304027,PARTIAL_FILL,SELL
14079665,BTC-SBD,2018-01-24T14:46:59.62,11.11197151,0.00059966,0.0066634,PARTIAL_FILL,SELL
14079664,BTC-SBD,2018-01-24T14:46:59.62,3.33511206,0.00059968,0.002,FILL,SELL
14079488,BTC-SBD,2018-01-24T14:44:35.943,45.52874736,0.00059966,0.02730176,PARTIAL_FILL,SELL
14079472,BTC-SBD,2018-01-24T14:44:03.66,12.35690263,0.00059966,0.00740994,PARTIAL_FILL,SELL
14079469,BTC-SBD,2018-01-24T14:43:54.707,30.0,0.00059966,0.0179898,PARTIAL_FILL,SELL
14079465,BTC-SBD,2018-01-24T14:43:50.44,12.35773855,0.00059966,0.00741044,PARTIAL_FILL,SELL
14079446,BTC-SBD,2018-01-24T14:43:08.847,247.89371211,0.00059966,0.14865194,PARTIAL_FILL,SELL
14079445,BTC-SBD,2018-01-24T14:43:08.83,12.84641512,0.00059966,0.00770348,FILL,SELL
14079444,BTC-SBD,2018-01-24T14:43:08.83,21.7729982,0.00059966,0.01305639,FILL,SELL
14079434,BTC-SBD,2018-01-24T14:42:52.86,3.0,0.00059968,0.00179904,FILL,BUY
14079414,BTC-SBD,2018-01-24T14:42:40.923,37.849,0.00059966,0.02269653,PARTIAL_FILL,SELL
14079404,BTC-SBD,2018-01-24T14:42:37.563,1.49859561,0.00059966,0.00089864,PARTIAL_FILL,SELL
14079401,BTC-SBD,2018-01-24T14:42:35.97,20.0,0.00059966,0.0119932,PARTIAL_FILL,SELL
14079396,BTC-SBD,2018-01-24T14:42:32.703,37.74147547,0.00059966,0.02263205,PARTIAL_FILL,SELL
14079393,BTC-SBD,2018-01-24T14:42:31.937,20.0,0.00059966,0.0119932,PARTIAL_FILL,SELL
14079388,BTC-SBD,2018-01-24T14:42:28.72,30.7614176,0.00059966,0.01844639,PARTIAL_FILL,SELL
14079387,BTC-SBD,2018-01-24T14:42:28.72,24.9845824,0.00059966,0.01498225,FILL,SELL
14079367,BTC-SBD,2018-01-24T14:42:15.64,6.55906124,0.00059966,0.0039332,PARTIAL_FILL,SELL
14079366,BTC-SBD,2018-01-24T14:42:15.64,3.33511206,0.00059968,0.002,FILL,SELL
14079362,BTC-SBD,2018-01-24T14:42:13.233,7.64542939,0.000603,0.00461019,FILL,BUY
14079361,BTC-SBD,2018-01-24T14:42:13.233,21.64001371,0.00059999,0.01298379,PARTIAL_FILL,BUY
14079353,BTC-SBD,2018-01-24T14:42:06.047,6.0,0.0006,0.0036,FILL,SELL
14079351,BTC-SBD,2018-01-24T14:41:49.06,3.56208408,0.000603,0.00214793,FILL,SELL
14079338,BTC-SBD,2018-01-24T14:41:23.937,24.71682011,0.00060068,0.01484689,FILL,BUY
14079336,BTC-SBD,2018-01-24T14:41:22.78,8.6443839,0.000603,0.00521256,FILL,SELL
14079318,BTC-SBD,2018-01-24T14:40:30.653,109.12799727,0.000603,0.06580418,PARTIAL_FILL,BUY
14079317,BTC-SBD,2018-01-24T14:40:30.653,1.49859561,0.00060068,0.00090017,PARTIAL_FILL,BUY
14079303,BTC-SBD,2018-01-24T14:39:51.54,10.8360697,0.00059952,0.00649644,PARTIAL_FILL,SELL
14079302,BTC-SBD,2018-01-24T14:39:51.54,3.33600214,0.00059952,0.002,FILL,SELL
14079297,BTC-SBD,2018-01-24T14:39:36.07,141.601,0.00059951,0.08489121,PARTIAL_FILL,SELL
14079280,BTC-SBD,2018-01-24T14:39:25.26,1.71521028,0.00059951,0.00102828,PARTIAL_FILL,SELL
14079270,BTC-SBD,2018-01-24T14:39:08.087,18.23577195,0.00059951,0.01093252,PARTIAL_FILL,SELL
14079200,BTC-SBD,2018-01-24T14:38:12.727,24.58210422,0.000604,0.01484759,FILL,BUY
14079177,BTC-SBD,2018-01-24T14:37:51.177,4.03079237,0.00059947,0.00241633,PARTIAL_FILL,SELL
14079176,BTC-SBD,2018-01-24T14:37:51.177,67.92307076,0.0005995,0.04071988,FILL,SELL
14079169,BTC-SBD,2018-01-24T14:37:47.507,1.4912999,0.00059948,0.000894,PARTIAL_FILL,BUY
14079146,BTC-SBD,2018-01-24T14:37:36.88,125.81975198,0.00059947,0.07542516,PARTIAL_FILL,SELL
14079127,BTC-SBD,2018-01-24T14:37:27.41,1.49851827,0.00059947,0.00089831,PARTIAL_FILL,BUY
14079126,BTC-SBD,2018-01-24T14:37:27.41,121.7190534,0.00059947,0.07296692,PARTIAL_FILL,BUY
14079111,BTC-SBD,2018-01-24T14:37:12.427,49.76759395,0.00059947,0.02983417,FILL,BUY
14079101,BTC-SBD,2018-01-24T14:36:57.893,119.43360973,0.00059947,0.07159686,FILL,BUY
14079100,BTC-SBD,2018-01-24T14:36:57.893,0.9,0.00059717,0.00053745,PARTIAL_FILL,BUY
14079083,BTC-SBD,2018-01-24T14:36:43.11,5.28508465,0.00059947,0.00316824,FILL,BUY
14079059,BTC-SBD,2018-01-24T14:36:18.347,732.90595573,0.00059947,0.43935513,FILL,BUY
14079058,BTC-SBD,2018-01-24T14:36:18.347,1.4912999,0.00059947,0.00089398,PARTIAL_FILL,BUY
14079057,BTC-SBD,2018-01-24T14:36:18.347,8.08773959,0.00059947,0.00484835,PARTIAL_FILL,BUY
14079056,BTC-SBD,2018-01-24T14:36:18.347,7.51500478,0.00059946,0.00450494,PARTIAL_FILL,BUY
14079017,BTC-SBD,2018-01-24T14:35:37.437,199.6914439,0.00059947,0.11970902,FILL,BUY
14078998,BTC-SBD,2018-01-24T14:35:21.123,27.81535057,0.00059946,0.01667419,FILL,BUY
14078989,BTC-SBD,2018-01-24T14:35:10.36,12.84489373,0.00059946,0.00769999,FILL,BUY
14078980,BTC-SBD,2018-01-24T14:34:55.327,28.22661026,0.00060399,0.01704859,FILL,SELL
14078979,BTC-SBD,2018-01-24T14:34:55.11,4.28181882,0.00060399,0.00258617,PARTIAL_FILL,BUY
14078966,BTC-SBD,2018-01-24T14:34:45.843,1.49859561,0.00059947,0.00089836,PARTIAL_FILL,BUY
14078959,BTC-SBD,2018-01-24T14:34:39.043,111.32591745,0.00059724,0.06648829,PARTIAL_FILL,BUY
14078958,BTC-SBD,2018-01-24T14:34:39.043,31.89587285,0.00059723,0.01904917,PARTIAL_FILL,BUY
14078954,BTC-SBD,2018-01-24T14:34:37.483,44.44400905,0.00059715,0.02653974,PARTIAL_FILL,BUY
14078953,BTC-SBD,2018-01-24T14:34:37.483,411.31821876,0.00059707,0.24558576,PARTIAL_FILL,BUY
14078941,BTC-SBD,2018-01-24T14:34:29.34,2.3787624,0.00059715,0.00142047,FILL,BUY
14078937,BTC-SBD,2018-01-24T14:34:27.45,71.95386313,0.00059296,0.04266576,PARTIAL_FILL,SELL
14078936,BTC-SBD,2018-01-24T14:34:27.45,5.05927787,0.00059297,0.00299999,FILL,SELL
14078928,BTC-SBD,2018-01-24T14:34:20.17,80.27723128,0.00059295,0.04760038,PARTIAL_FILL,SELL
14078927,BTC-SBD,2018-01-24T14:34:20.17,5.90249085,0.00059297,0.00349999,FILL,SELL
14078926,BTC-SBD,2018-01-24T14:34:20.17,5.05927787,0.00059297,0.00299999,FILL,SELL
14078919,BTC-SBD,2018-01-24T14:34:14.137,28.5178861,0.00059295,0.01690968,PARTIAL_FILL,SELL
14078918,BTC-SBD,2018-01-24T14:34:14.137,40.0,0.00059296,0.0237184,FILL,SELL
14078917,BTC-SBD,2018-01-24T14:34:14.137,1.4912999,0.00059376,0.00088547,FILL,SELL
14078916,BTC-SBD,2018-01-24T14:34:14.137,3.362814,0.00059474,0.00199999,FILL,SELL
14078903,BTC-SBD,2018-01-24T14:34:01.73,8.92311251,0.00059724,0.00532923,FILL,BUY
14078892,BTC-SBD,2018-01-24T14:33:52.903,7.27974805,0.00059732,0.00434833,FILL,BUY
14078888,BTC-SBD,2018-01-24T14:33:48.403,35.22361466,0.00059295,0.02088584,PARTIAL_FILL,SELL
14078881,BTC-SBD,2018-01-24T14:33:42.137,97.78197232,0.00059295,0.05797982,PARTIAL_FILL,SELL
14078880,BTC-SBD,2018-01-24T14:33:42.137,67.54260898,0.000593,0.04005276,FILL,SELL
14078879,BTC-SBD,2018-01-24T14:33:42.137,30.0,0.00059372,0.0178116,FILL,SELL
14078878,BTC-SBD,2018-01-24T14:33:42.137,1.49859561,0.00059376,0.0008898,FILL,SELL
14078877,BTC-SBD,2018-01-24T14:33:42.137,1.49859561,0.00059376,0.0008898,FILL,SELL
14078876,BTC-SBD,2018-01-24T14:33:42.137,1.4912999,0.00059376,0.00088547,FILL,SELL
14078875,BTC-SBD,2018-01-24T14:33:42.137,1.49851827,0.00059376,0.00088976,FILL,SELL
14078871,BTC-SBD,2018-01-24T14:33:37.933,3.34773226,0.00059741,0.00199996,FILL,SELL
14078870,BTC-SBD,2018-01-24T14:33:37.933,33.36120401,0.000598,0.01994999,FILL,SELL
14078868,BTC-SBD,2018-01-24T14:33:37.387,18.54077579,0.00059803,0.01108794,FILL,SELL
14078867,BTC-SBD,2018-01-24T14:33:37.387,34.50117379,0.00059803,0.02063273,FILL,SELL
14078866,BTC-SBD,2018-01-24T14:33:36.37,5.01630298,0.00059804,0.00299994,FILL,BUY
14078863,BTC-SBD,2018-01-24T14:33:33.37,8.99,0.00059804,0.00537637,FILL,BUY
14078861,BTC-SBD,2018-01-24T14:33:33.2,8.99,0.00059804,0.00537637,FILL,BUY
14078857,BTC-SBD,2018-01-24T14:33:30.933,8.99,0.00059804,0.00537637,FILL,BUY
14078852,BTC-SBD,2018-01-24T14:33:21.667,3.34420199,0.00059805,0.002,FILL,SELL
14078848,BTC-SBD,2018-01-24T14:33:08.23,135.73747623,0.00059804,0.08117644,PARTIAL_FILL,BUY
14078846,BTC-SBD,2018-01-24T14:33:08.137,7.25649234,0.00059804,0.00433967,FILL,BUY
14078843,BTC-SBD,2018-01-24T14:33:06.697,183.04160191,0.00059804,0.10946619,FILL,SELL
14078842,BTC-SBD,2018-01-24T14:33:06.573,0.00039809,0.00059804,2.3e-07,PARTIAL_FILL,BUY
14078840,BTC-SBD,2018-01-24T14:33:05.667,97.0111028,0.00059804,0.05801651,FILL,BUY
14078839,BTC-SBD,2018-01-24T14:33:05.667,53.22316434,0.00059804,0.03182958,PARTIAL_FILL,BUY
14078838,BTC-SBD,2018-01-24T14:33:05.667,32.80773286,0.00059804,0.01962033,PARTIAL_FILL,BUY
14078835,BTC-SBD,2018-01-24T14:33:02.12,8.82548963,0.00059804,0.00527799,FILL,BUY
14078834,BTC-SBD,2018-01-24T14:33:02.12,13.07361033,0.00059804,0.00781854,PARTIAL_FILL,BUY
14078832,BTC-SBD,2018-01-24T14:33:01.43,17.104,0.00059804,0.01022887,FILL,BUY
14078830,BTC-SBD,2018-01-24T14:33:00.137,5.01630298,0.00059804,0.00299994,FILL,BUY
14078822,BTC-SBD,2018-01-24T14:32:46.12,82.6,0.00059803,0.04939727,PARTIAL_FILL,SELL
14078821,BTC-SBD,2018-01-24T14:32:41.29,24.85992521,0.00059804,0.01486722,FILL,BUY
14078818,BTC-SBD,2018-01-24T14:32:39.73,10.3830618,0.00059804,0.00620948,FILL,SELL
14078817,BTC-SBD,2018-01-24T14:32:39.73,1.05594943,0.00059804,0.00063149,FILL,SELL
14078816,BTC-SBD,2018-01-24T14:32:39.73,4.99483867,0.00060062,0.003,FILL,SELL
14078815,BTC-SBD,2018-01-24T14:32:39.73,4.99483867,0.00060062,0.003,FILL,SELL
14078801,BTC-SBD,2018-01-24T14:32:18.26,14.02864073,0.00059804,0.00838968,PARTIAL_FILL,SELL
14078800,BTC-SBD,2018-01-24T14:32:18.26,12.30311513,0.0006,0.00738186,FILL,SELL
14078799,BTC-SBD,2018-01-24T14:32:18.26,12.79745635,0.0006,0.00767847,FILL,SELL
14078798,BTC-SBD,2018-01-24T14:32:18.26,3.33044695,0.00060052,0.002,FILL,SELL
14078797,BTC-SBD,2018-01-24T14:32:18.26,4.99567042,0.00060052,0.003,FILL,SELL
14078796,BTC-SBD,2018-01-24T14:32:18.26,4.99567042,0.00060052,0.003,FILL,SELL
14078793,BTC-SBD,2018-01-24T14:32:13.57,217.549,0.0006006,0.13065992,FILL,SELL
14078792,BTC-SBD,2018-01-24T14:32:11.29,82.451,0.0006006,0.04952007,PARTIAL_FILL,SELL
14078777,BTC-SBD,2018-01-24T14:31:23.227,3.0,0.00060507,0.00181521,FILL,BUY
14078773,BTC-SBD,2018-01-24T14:31:17.82,176.35773489,0.00060507,0.10670877,FILL,BUY
14078767,BTC-SBD,2018-01-24T14:31:07.223,7.29063388,0.00060515,0.00441192,FILL,BUY
14078753,BTC-SBD,2018-01-24T14:30:50.083,186.11165402,0.00060516,0.11262732,FILL,SELL
14078752,BTC-SBD,2018-01-24T14:30:47.77,11.75287428,0.00060516,0.00711236,PARTIAL_FILL,BUY
14078751,BTC-SBD,2018-01-24T14:30:47.77,70.66368517,0.00060515,0.04276212,PARTIAL_FILL,BUY
14078749,BTC-SBD,2018-01-24T14:30:47.363,4.33631483,0.00060515,0.00262412,FILL,BUY
14078741,BTC-SBD,2018-01-24T14:30:29.957,8.92311251,0.00060516,0.00539991,FILL,BUY
14078733,BTC-SBD,2018-01-24T14:30:03.63,2.19992667,0.00060517,0.00133132,FILL,BUY
14078730,BTC-SBD,2018-01-24T14:30:01.033,8.333e-05,0.00060002,4e-08,PARTIAL_FILL,BUY
14078728,BTC-SBD,2018-01-24T14:29:59.253,4.99975001,0.00060002,0.00299995,FILL,BUY
14078710,BTC-SBD,2018-01-24T14:29:26.457,20.10412715,0.00060525,0.01216802,FILL,BUY
14078708,BTC-SBD,2018-01-24T14:29:26.283,23.0,0.00060525,0.01392075,FILL,BUY
14078696,BTC-SBD,2018-01-24T14:29:00.44,1.46986659,0.00060536,0.00088979,FILL,SELL
14078695,BTC-SBD,2018-01-24T14:29:00.44,34.3551225,0.00060536,0.02079721,FILL,SELL
14078694,BTC-SBD,2018-01-24T14:29:00.44,1.46271074,0.00060536,0.00088546,FILL,SELL
14078693,BTC-SBD,2018-01-24T14:29:00.44,1.46271074,0.00060536,0.00088546,FILL,SELL
14078692,BTC-SBD,2018-01-24T14:29:00.44,1.46986659,0.00060536,0.00088979,FILL,SELL
14078691,BTC-SBD,2018-01-24T14:29:00.44,28.01874774,0.00060578,0.01697319,FILL,SELL
14078690,BTC-SBD,2018-01-24T14:29:00.44,36.62351928,0.00060578,0.02218579,FILL,SELL
14078689,BTC-SBD,2018-01-24T14:29:00.44,292.83970462,0.00060578,0.17739643,FILL,SELL
14078684,BTC-SBD,2018-01-24T14:28:57.313,43.71739492,0.00060578,0.02648312,PARTIAL_FILL,SELL
14078683,BTC-SBD,2018-01-24T14:28:56.797,44.33071403,0.00060578,0.02685465,PARTIAL_FILL,SELL
14078682,BTC-SBD,2018-01-24T14:28:54.53,81.48252709,0.00060596,0.04937515,FILL,SELL
14078680,BTC-SBD,2018-01-24T14:28:53.36,205.95757576,0.00060578,0.12476498,PARTIAL_FILL,SELL
14078679,BTC-SBD,2018-01-24T14:28:51.907,102.34572532,0.00060578,0.06199899,PARTIAL_FILL,SELL
14078678,BTC-SBD,2018-01-24T14:28:51.907,300.0,0.0006059,0.18177,FILL,SELL
14078677,BTC-SBD,2018-01-24T14:28:51.907,21.9850532,0.00060596,0.01332206,FILL,SELL
14078676,BTC-SBD,2018-01-24T14:28:51.907,38.52205468,0.00060596,0.02334282,FILL,SELL
14078675,BTC-SBD,2018-01-24T14:28:51.907,51.36245561,0.00060596,0.03112359,FILL,SELL
14078674,BTC-SBD,2018-01-24T14:28:51.907,130.17932816,0.00060596,0.07888346,FILL,SELL
14078671,BTC-SBD,2018-01-24T14:28:47.267,66.194,0.00060596,0.04011091,PARTIAL_FILL,SELL
14078659,BTC-SBD,2018-01-24T14:28:32.14,9.07310328,0.00060596,0.00549793,PARTIAL_FILL,SELL
14078658,BTC-SBD,2018-01-24T14:28:32.14,1.70189672,0.00060596,0.00103128,FILL,SELL
14078653,BTC-SBD,2018-01-24T14:28:27.64,9.9301274,0.00060596,0.00601725,PARTIAL_FILL,SELL
14078642,BTC-SBD,2018-01-24T14:28:14,15.32907174,0.00060597,0.00928895,FILL,BUY
14078637,BTC-SBD,2018-01-24T14:28:10.78,14.17207184,0.00060597,0.00858785,FILL,BUY
14078624,BTC-SBD,2018-01-24T14:27:57.843,41.59114022,0.00060596,0.02520256,PARTIAL_FILL,SELL
14078620,BTC-SBD,2018-01-24T14:27:55.327,23.06548171,0.00060597,0.01397698,FILL,BUY
14078609,BTC-SBD,2018-01-24T14:27:41.107,89.826,0.00060578,0.05441479,PARTIAL_FILL,SELL
14078606,BTC-SBD,2018-01-24T14:27:37.84,89.826,0.00060578,0.05441479,PARTIAL_FILL,SELL
14078599,BTC-SBD,2018-01-24T14:27:32.327,163.12037234,0.00060578,0.09881505,PARTIAL_FILL,SELL
14078598,BTC-SBD,2018-01-24T14:27:32.327,36.87962766,0.00060581,0.02234204,FILL,SELL
14078596,BTC-SBD,2018-01-24T14:27:27.437,8.3923596,0.00060581,0.00508417,PARTIAL_FILL,BUY
14078591,BTC-SBD,2018-01-24T14:27:24.73,678.56665205,0.00060578,0.4110621,PARTIAL_FILL,SELL
14078590,BTC-SBD,2018-01-24T14:27:24.73,290.16418792,0.0006058,0.17578146,FILL,SELL
14078579,BTC-SBD,2018-01-24T14:27:03.12,23.98632858,0.0006058,0.01453091,PARTIAL_FILL,SELL
14078574,BTC-SBD,2018-01-24T14:26:58.573,6.90818515,0.00060581,0.00418504,PARTIAL_FILL,SELL
14078570,BTC-SBD,2018-01-24T14:26:56.45,190.03,0.0006058,0.11512017,PARTIAL_FILL,SELL
14078569,BTC-SBD,2018-01-24T14:26:53.043,11.95633593,0.0006058,0.00724314,PARTIAL_FILL,SELL
14078568,BTC-SBD,2018-01-24T14:26:53.043,41.26706393,0.00060581,0.02499999,FILL,SELL
14078567,BTC-SBD,2018-01-24T14:26:53.043,0.84460014,0.00060582,0.00051167,FILL,SELL
14078562,BTC-SBD,2018-01-24T14:26:50.34,106.2096352,0.0006058,0.06434179,PARTIAL_FILL,SELL
14078561,BTC-SBD,2018-01-24T14:26:50.34,75.0,0.00060581,0.04543575,FILL,SELL
14078560,BTC-SBD,2018-01-24T14:26:50.34,0.84460014,0.00060582,0.00051167,FILL,SELL
14078551,BTC-SBD,2018-01-24T14:26:45.543,48.70007003,0.00060902,0.02965931,FILL,BUY
14078549,BTC-SBD,2018-01-24T14:26:45.37,7.54534333,0.00060902,0.00459526,FILL,SELL
14078543,BTC-SBD,2018-01-24T14:26:37.323,45.48158776,0.00060916,0.02770556,FILL,SELL
14078542,BTC-SBD,2018-01-24T14:26:36.447,30.02832384,0.00060916,0.01829205,PARTIAL_FILL,SELL
14078541,BTC-SBD,2018-01-24T14:26:36.447,60.1307583,0.00060916,0.03662925,FILL,SELL
14078533,BTC-SBD,2018-01-24T14:26:29.463,103.44560841,0.00060916,0.06301492,PARTIAL_FILL,SELL
14078532,BTC-SBD,2018-01-24T14:26:29.463,44.44400905,0.00060942,0.02708506,FILL,SELL
14078531,BTC-SBD,2018-01-24T14:26:29.463,75.0,0.00060943,0.04570725,FILL,SELL
14078530,BTC-SBD,2018-01-24T14:26:29.463,87.81761897,0.00061343,0.05386996,FILL,SELL
14078529,BTC-SBD,2018-01-24T14:26:28.9,2.34146317,0.00061343,0.00143632,PARTIAL_FILL,SELL
14078527,BTC-SBD,2018-01-24T14:26:28.26,310.70723646,0.00061343,0.19059714,PARTIAL_FILL,SELL
14078526,BTC-SBD,2018-01-24T14:26:27.963,310.70723646,0.00061343,0.19059714,PARTIAL_FILL,BUY
14078525,BTC-SBD,2018-01-24T14:26:27.963,131.978,0.00061251,0.08083784,PARTIAL_FILL,BUY
14078521,BTC-SBD,2018-01-24T14:26:26.463,161.09826559,0.00060942,0.0981765,PARTIAL_FILL,SELL
14078519,BTC-SBD,2018-01-24T14:26:25.573,96.44473763,0.00060942,0.05877535,PARTIAL_FILL,SELL
14078516,BTC-SBD,2018-01-24T14:26:23.29,118.53824722,0.00061343,0.07271491,FILL,BUY
14078515,BTC-SBD,2018-01-24T14:26:23.29,182.48175182,0.00061343,0.11193978,PARTIAL_FILL,BUY
14078514,BTC-SBD,2018-01-24T14:26:23.29,23.41934939,0.00061343,0.01436613,PARTIAL_FILL,BUY
14078512,BTC-SBD,2018-01-24T14:26:22.68,35.22361466,0.00061343,0.02160722,FILL,SELL
14078511,BTC-SBD,2018-01-24T14:26:22.68,99.95641662,0.00061343,0.06131626,FILL,SELL
14078510,BTC-SBD,2018-01-24T14:26:22.68,148.60120518,0.00061343,0.09115643,PARTIAL_FILL,SELL
14078509,BTC-SBD,2018-01-24T14:26:20.103,26.926,0.00061343,0.01651721,PARTIAL_FILL,SELL
14078507,BTC-SBD,2018-01-24T14:26:17.447,50.55194868,0.00061343,0.03101008,PARTIAL_FILL,SELL
14078506,BTC-SBD,2018-01-24T14:26:17.447,225.37651286,0.00061343,0.13825271,FILL,SELL
14078505,BTC-SBD,2018-01-24T14:26:17.447,16.43077768,0.0006136,0.01008192,FILL,SELL
14078500,BTC-SBD,2018-01-24T14:26:13.993,38.801,0.00061343,0.02380169,PARTIAL_FILL,SELL
14078497,BTC-SBD,2018-01-24T14:26:13.103,86.10937297,0.00061343,0.05282207,PARTIAL_FILL,SELL
14078496,BTC-SBD,2018-01-24T14:26:13.103,82.48139432,0.00061344,0.05059738,FILL,SELL
14078495,BTC-SBD,2018-01-24T14:26:13.103,41.63322249,0.0006135,0.02554198,FILL,SELL
14078494,BTC-SBD,2018-01-24T14:26:13.103,28.23646169,0.00061351,0.01732335,FILL,SELL
14078493,BTC-SBD,2018-01-24T14:26:13.103,62.19063867,0.00061359,0.03815955,FILL,SELL
14078492,BTC-SBD,2018-01-24T14:26:13.103,30.37420986,0.00061366,0.01863943,FILL,SELL
14078491,BTC-SBD,2018-01-24T14:26:13.103,82.6,0.00061367,0.05068914,FILL,SELL
14078487,BTC-SBD,2018-01-24T14:26:12.65,925.09841725,0.00061366,0.56769589,PARTIAL_FILL,SELL
14078486,BTC-SBD,2018-01-24T14:26:12.65,1.50065327,0.00061367,0.0009209,FILL,SELL
14078468,BTC-SBD,2018-01-24T14:26:02.68,56.94729964,0.00061358,0.03494172,PARTIAL_FILL,SELL
14078427,BTC-SBD,2018-01-24T14:25:46.26,1.46986659,0.00061343,0.00090166,PARTIAL_FILL,BUY
14078343,BTC-SBD,2018-01-24T14:25:08.32,1.65199147,0.00060916,0.00100632,PARTIAL_FILL,SELL
14078313,BTC-SBD,2018-01-24T14:24:59.913,5.6025996,0.0006247,0.00349994,FILL,BUY
14078302,BTC-SBD,2018-01-24T14:24:56.477,2.34146317,0.00060908,0.00142613,PARTIAL_FILL,SELL
14078301,BTC-SBD,2018-01-24T14:24:56.477,73.66776317,0.0006247,0.04602025,FILL,SELL
14078297,BTC-SBD,2018-01-24T14:24:55.727,2.34146319,0.0006247,0.00146271,PARTIAL_FILL,SELL
14078282,BTC-SBD,2018-01-24T14:24:53.93,9.7715993,0.0006247,0.00610431,PARTIAL_FILL,BUY
14078220,BTC-SBD,2018-01-24T14:24:40.68,0.80936133,0.00060575,0.00049027,PARTIAL_FILL,BUY
14078216,BTC-SBD,2018-01-24T14:24:39.13,0.18362257,0.00060575,0.00011122,FILL,SELL
14078214,BTC-SBD,2018-01-24T14:24:38.693,2.58148465,0.0006247,0.00161265,FILL,BUY
14078213,BTC-SBD,2018-01-24T14:24:38.693,150.58824769,0.00062189,0.09364932,PARTIAL_FILL,BUY
14078212,BTC-SBD,2018-01-24T14:24:38.693,20.50065946,0.00062187,0.01274874,PARTIAL_FILL,BUY
14078211,BTC-SBD,2018-01-24T14:24:38.693,102.77085015,0.000621,0.06382069,PARTIAL_FILL,BUY
14078209,BTC-SBD,2018-01-24T14:24:38.32,72.00832228,0.00060575,0.04361904,PARTIAL_FILL,SELL
14078208,BTC-SBD,2018-01-24T14:24:38.32,180.90475455,0.00061479,0.11121843,FILL,SELL
14078201,BTC-SBD,2018-01-24T14:24:35.523,63.51177527,0.00061479,0.0390464,PARTIAL_FILL,SELL
14078200,BTC-SBD,2018-01-24T14:24:35.397,36.598,0.00061479,0.02250008,PARTIAL_FILL,SELL
14078191,BTC-SBD,2018-01-24T14:24:33.96,1.49859561,0.00061479,0.00092132,PARTIAL_FILL,BUY
14078184,BTC-SBD,2018-01-24T14:24:30.007,1.49859561,0.00060575,0.00090777,PARTIAL_FILL,BUY
14078094,BTC-SBD,2018-01-24T14:23:59.007,1.00059886,0.00060114,0.00060149,PARTIAL_FILL,SELL
14078088,BTC-SBD,2018-01-24T14:23:53.037,18.762,0.00060995,0.01144388,FILL,BUY
14078058,BTC-SBD,2018-01-24T14:23:35.333,5.88066568,0.00060995,0.00358691,FILL,BUY
14077910,BTC-SBD,2018-01-24T14:23:01.41,81.3323,0.00060046,0.04883679,PARTIAL_FILL,SELL
14077909,BTC-SBD,2018-01-24T14:22:59.677,75.67014206,0.0006219,0.04705926,FILL,SELL
14077908,BTC-SBD,2018-01-24T14:22:59.677,151.954,0.0006219,0.09450019,PARTIAL_FILL,SELL
14077906,BTC-SBD,2018-01-24T14:22:57.55,252.25027505,0.0006219,0.15687444,PARTIAL_FILL,BUY
14077905,BTC-SBD,2018-01-24T14:22:57.55,21.85059199,0.00062188,0.01358844,PARTIAL_FILL,BUY
14077904,BTC-SBD,2018-01-24T14:22:57.55,7.42450183,0.00062188,0.00461714,PARTIAL_FILL,BUY
14077903,BTC-SBD,2018-01-24T14:22:57.55,81.76263323,0.00062187,0.05084572,PARTIAL_FILL,BUY
14077902,BTC-SBD,2018-01-24T14:22:57.55,40.0,0.00062187,0.0248748,PARTIAL_FILL,BUY
14077901,BTC-SBD,2018-01-24T14:22:57.55,233.80605854,0.00060997,0.14261468,PARTIAL_FILL,BUY
14077900,BTC-SBD,2018-01-24T14:22:57.55,46.88021485,0.00060996,0.02859505,PARTIAL_FILL,BUY
14077899,BTC-SBD,2018-01-24T14:22:57.55,26.1272153,0.00060996,0.01593655,PARTIAL_FILL,BUY
14077894,BTC-SBD,2018-01-24T14:22:53.533,27.99800123,0.00060996,0.01707766,FILL,BUY
14077892,BTC-SBD,2018-01-24T14:22:49.08,8.87478347,0.00060996,0.00541326,FILL,BUY
14077877,BTC-SBD,2018-01-24T14:22:23.457,40.3571888,0.00060045,0.02423247,PARTIAL_FILL,SELL
14077876,BTC-SBD,2018-01-24T14:22:23.457,1.65199147,0.00060533,0.00099999,FILL,SELL
14077875,BTC-SBD,2018-01-24T14:22:23.457,1.46986659,0.00060536,0.00088979,FILL,SELL
14077874,BTC-SBD,2018-01-24T14:22:23.457,50.03875313,0.00060997,0.03052213,FILL,SELL
14077873,BTC-SBD,2018-01-24T14:22:22.16,85.28997425,0.00060997,0.05202432,PARTIAL_FILL,SELL
14077872,BTC-SBD,2018-01-24T14:22:22.16,63.0,0.00060998,0.03842874,FILL,SELL
14077871,BTC-SBD,2018-01-24T14:22:22.16,32.77790998,0.00061001,0.01999485,FILL,SELL
14077870,BTC-SBD,2018-01-24T14:22:22.16,80.77658383,0.00061002,0.04927533,FILL,SELL
14077869,BTC-SBD,2018-01-24T14:22:22.16,11.57214859,0.00061089,0.0070693,FILL,SELL
14077866,BTC-SBD,2018-01-24T14:22:21.11,25.06585141,0.00061089,0.01531247,PARTIAL_FILL,SELL
14077865,BTC-SBD,2018-01-24T14:22:21.11,248.35076521,0.00062188,0.15444437,FILL,SELL
14077864,BTC-SBD,2018-01-24T14:22:20.517,7.77720781,0.00062188,0.00483648,PARTIAL_FILL,SELL
14077863,BTC-SBD,2018-01-24T14:22:20.207,3.65653647,0.00062188,0.00227392,PARTIAL_FILL,SELL
14077861,BTC-SBD,2018-01-24T14:22:19.487,7.20273088,0.00062188,0.00447923,PARTIAL_FILL,SELL
14077860,BTC-SBD,2018-01-24T14:22:19.41,6.42937628,0.00062188,0.0039983,PARTIAL_FILL,SELL
14077857,BTC-SBD,2018-01-24T14:22:18.423,55.55669469,0.00062188,0.03454959,PARTIAL_FILL,BUY
14077856,BTC-SBD,2018-01-24T14:22:18.423,77.45873818,0.00062188,0.04817004,PARTIAL_FILL,BUY
14077855,BTC-SBD,2018-01-24T14:22:18.423,60.84951554,0.00062188,0.03784109,PARTIAL_FILL,BUY
14077854,BTC-SBD,2018-01-24T14:22:18.423,39.48350592,0.00062188,0.024554,PARTIAL_FILL,BUY
14077852,BTC-SBD,2018-01-24T14:22:18.377,3.76268393,0.00061299,0.00230648,FILL,SELL
14077851,BTC-SBD,2018-01-24T14:22:18.25,32.08911796,0.00061299,0.0196703,PARTIAL_FILL,SELL
14077848,BTC-SBD,2018-01-24T14:22:15.987,17.57145725,0.00061299,0.01077112,PARTIAL_FILL,SELL
14077845,BTC-SBD,2018-01-24T14:22:14.94,5.53408395,0.00061299,0.00339233,PARTIAL_FILL,SELL
14077844,BTC-SBD,2018-01-24T14:22:14.94,27.64001371,0.00062093,0.01716251,FILL,SELL
14077836,BTC-SBD,2018-01-24T14:22:11.893,36.1116042,0.00061299,0.02213605,PARTIAL_FILL,SELL
14077833,BTC-SBD,2018-01-24T14:22:08.923,12.43893666,0.00062188,0.00773552,FILL,BUY
14077832,BTC-SBD,2018-01-24T14:22:08.923,5.48306334,0.00062093,0.00340459,PARTIAL_FILL,BUY
14077818,BTC-SBD,2018-01-24T14:22:04.597,1.46986659,0.00061299,0.00090101,PARTIAL_FILL,BUY
14077814,BTC-SBD,2018-01-24T14:22:03.55,223.21590873,0.00061169,0.13653893,PARTIAL_FILL,BUY
14077810,BTC-SBD,2018-01-24T14:22:02.953,7.20273088,0.00061169,0.00440583,FILL,BUY
14077808,BTC-SBD,2018-01-24T14:22:01.953,86.01479999,0.00061169,0.05261439,FILL,BUY
14077805,BTC-SBD,2018-01-24T14:22:00.86,0.9860494,0.00061001,0.00060149,PARTIAL_FILL,SELL
14077801,BTC-SBD,2018-01-24T14:21:59.5,20.36991763,0.00062093,0.01264829,FILL,SELL
14077795,BTC-SBD,2018-01-24T14:21:56.017,31.68112937,0.00062,0.0196423,PARTIAL_FILL,BUY
14077794,BTC-SBD,2018-01-24T14:21:56.017,1.197953,0.00061807,0.00074041,PARTIAL_FILL,BUY
14077788,BTC-SBD,2018-01-24T14:21:54.657,8.74920112,0.00061183,0.00535302,PARTIAL_FILL,SELL
14077784,BTC-SBD,2018-01-24T14:21:54.033,42.04657893,0.00061183,0.02572535,PARTIAL_FILL,SELL
14077777,BTC-SBD,2018-01-24T14:21:53,5.48306332,0.00061175,0.00335426,PARTIAL_FILL,BUY
14077776,BTC-SBD,2018-01-24T14:21:53,71.18698057,0.00061,0.04342405,PARTIAL_FILL,BUY
14077774,BTC-SBD,2018-01-24T14:21:52.673,5.33448794,0.00061,0.00325403,FILL,BUY
14077772,BTC-SBD,2018-01-24T14:21:52.627,58.80725787,0.00061,0.03587242,FILL,BUY
14077770,BTC-SBD,2018-01-24T14:21:51.72,48.23130697,0.00061,0.02942109,FILL,SELL
14077769,BTC-SBD,2018-01-24T14:21:51.72,45.09947792,0.00061,0.02751068,FILL,SELL
14077768,BTC-SBD,2018-01-24T14:21:51.72,5.48306332,0.00061175,0.00335426,FILL,SELL
14077763,BTC-SBD,2018-01-24T14:21:49.737,2e-08,0.00061175,0.0,PARTIAL_FILL,BUY
14077761,BTC-SBD,2018-01-24T14:21:49.72,1.46979072,0.00061175,0.00089914,FILL,BUY
14077760,BTC-SBD,2018-01-24T14:21:49.72,56.68499901,0.00061173,0.03467591,PARTIAL_FILL,BUY
14077759,BTC-SBD,2018-01-24T14:21:49.72,862.0,0.00061173,0.52731126,PARTIAL_FILL,BUY
14077758,BTC-SBD,2018-01-24T14:21:49.72,232.43794708,0.00061171,0.14218461,PARTIAL_FILL,BUY
14077757,BTC-SBD,2018-01-24T14:21:49.72,13.00887752,0.0006117,0.00795753,PARTIAL_FILL,BUY
14077756,BTC-SBD,2018-01-24T14:21:49.72,83.17830558,0.0006117,0.05088016,PARTIAL_FILL,BUY
14077751,BTC-SBD,2018-01-24T14:21:48.22,89.9330347,0.00061,0.05485915,PARTIAL_FILL,SELL
14077748,BTC-SBD,2018-01-24T14:21:47.25,12.16206863,0.00061,0.00741886,PARTIAL_FILL,BUY
14077747,BTC-SBD,2018-01-24T14:21:47.25,19.46020367,0.00060998,0.01187033,PARTIAL_FILL,BUY
14077746,BTC-SBD,2018-01-24T14:21:47.25,1.80352201,0.00060997,0.00110009,PARTIAL_FILL,BUY
14077741,BTC-SBD,2018-01-24T14:21:43.83,17.18584289,0.00060997,0.01048284,FILL,BUY
14077740,BTC-SBD,2018-01-24T14:21:43.83,1.17115711,0.00060954,0.00071386,PARTIAL_FILL,BUY
14077732,BTC-SBD,2018-01-24T14:21:37.86,29.99361745,0.00060044,0.01800936,PARTIAL_FILL,SELL
14077731,BTC-SBD,2018-01-24T14:21:37.86,7.17638255,0.00060044,0.00430898,FILL,SELL
14077730,BTC-SBD,2018-01-24T14:21:37.78,22.392,0.00060997,0.01365844,FILL,BUY
14077724,BTC-SBD,2018-01-24T14:21:35.907,83.95614113,0.00060533,0.05082117,FILL,BUY
14077715,BTC-SBD,2018-01-24T14:21:32.093,1.17115711,0.00060067,0.00070347,PARTIAL_FILL,SELL
14077714,BTC-SBD,2018-01-24T14:21:31.297,12.54714002,0.00060533,0.00759516,FILL,BUY
14077708,BTC-SBD,2018-01-24T14:21:28.203,0.74781681,0.00060623,0.00045334,FILL,SELL
14077700,BTC-SBD,2018-01-24T14:21:20.093,18.86318319,0.00060534,0.01141863,PARTIAL_FILL,BUY
14077698,BTC-SBD,2018-01-24T14:21:20.08,26.63681681,0.00060534,0.01612433,FILL,BUY
14077697,BTC-SBD,2018-01-24T14:21:20.08,26.11518318,0.00060533,0.0158083,PARTIAL_FILL,BUY
14077692,BTC-SBD,2018-01-24T14:21:16.61,21.73493404,0.00060533,0.0131568,FILL,BUY
14077690,BTC-SBD,2018-01-24T14:21:12.22,31.262,0.00060533,0.01892382,FILL,BUY
14077673,BTC-SBD,2018-01-24T14:21:00.797,1.00358721,0.00060044,0.00060259,PARTIAL_FILL,SELL
14077666,BTC-SBD,2018-01-24T14:20:59.06,21.6186351,0.00060533,0.0130864,FILL,BUY
14077665,BTC-SBD,2018-01-24T14:20:59.06,2.6343649,0.00060044,0.00158177,PARTIAL_FILL,BUY
14077662,BTC-SBD,2018-01-24T14:20:58.873,75.86884289,0.00060042,0.04555317,FILL,SELL
14077656,BTC-SBD,2018-01-24T14:20:57.64,1.49851827,0.00060042,0.00089974,PARTIAL_FILL,SELL
14077643,BTC-SBD,2018-01-24T14:20:53.873,6.04939679,0.00060042,0.00363217,PARTIAL_FILL,BUY
14077637,BTC-SBD,2018-01-24T14:20:53.67,42.73675064,0.00059776,0.02554632,FILL,BUY
14077636,BTC-SBD,2018-01-24T14:20:53.67,43.03726064,0.00059756,0.02571734,PARTIAL_FILL,BUY
14077631,BTC-SBD,2018-01-24T14:20:51.187,14.410512,0.00059756,0.00861114,FILL,BUY
14077630,BTC-SBD,2018-01-24T14:20:51.17,30.37296417,0.00059756,0.01814966,PARTIAL_FILL,BUY
14077626,BTC-SBD,2018-01-24T14:20:49.453,17.57145725,0.00059756,0.01049999,FILL,BUY
14077614,BTC-SBD,2018-01-24T14:20:41.013,20.8,0.00059756,0.01242924,FILL,BUY
14077602,BTC-SBD,2018-01-24T14:20:32.03,7.09455004,0.00059756,0.00423941,FILL,BUY
14077599,BTC-SBD,2018-01-24T14:20:26.513,70.461,0.00059756,0.04210467,FILL,BUY
14077589,BTC-SBD,2018-01-24T14:20:01.06,106.37217867,0.00059739,0.06354567,PARTIAL_FILL,BUY
14077579,BTC-SBD,2018-01-24T14:19:56.56,11.38573451,0.00059748,0.00680274,FILL,BUY
14077578,BTC-SBD,2018-01-24T14:19:56.56,7.83226549,0.00059747,0.00467954,PARTIAL_FILL,BUY
14077567,BTC-SBD,2018-01-24T14:19:43.887,12.9951071,0.00059756,0.00776535,FILL,BUY
14077566,BTC-SBD,2018-01-24T14:19:43.887,26.47999999,0.00059568,0.0157736,PARTIAL_FILL,BUY
14077565,BTC-SBD,2018-01-24T14:19:43.887,17.09589291,0.00059567,0.01018351,PARTIAL_FILL,BUY
14077555,BTC-SBD,2018-01-24T14:19:39.31,47.76150426,0.00059497,0.02841666,PARTIAL_FILL,BUY
14077554,BTC-SBD,2018-01-24T14:19:39.31,11.85084044,0.00059497,0.00705089,PARTIAL_FILL,BUY
14077551,BTC-SBD,2018-01-24T14:19:36.67,37.281,0.00059497,0.02218107,FILL,BUY
14077549,BTC-SBD,2018-01-24T14:19:35.23,10.71489385,0.00059497,0.00637504,FILL,SELL
14077545,BTC-SBD,2018-01-24T14:19:31.293,37.28210615,0.00059497,0.02218173,PARTIAL_FILL,BUY
14077541,BTC-SBD,2018-01-24T14:19:29.013,10.715,0.00059497,0.0063751,FILL,BUY
14077538,BTC-SBD,2018-01-24T14:19:27.153,10.08454208,0.00059497,0.006,FILL,SELL
14077537,BTC-SBD,2018-01-24T14:19:27.153,40.0,0.00059498,0.0237992,FILL,SELL
14077535,BTC-SBD,2018-01-24T14:19:25.98,47.76150426,0.00059577,0.02845487,FILL,SELL
14077533,BTC-SBD,2018-01-24T14:19:24.183,3.34548861,0.00059765,0.00199943,FILL,BUY
14077528,BTC-SBD,2018-01-24T14:19:18.84,333.361,0.0005957,0.19858314,FILL,BUY
14077526,BTC-SBD,2018-01-24T14:19:18.67,3.34548861,0.0005957,0.0019929,FILL,BUY
14077523,BTC-SBD,2018-01-24T14:19:16.357,252.25027505,0.0005957,0.15026548,FILL,BUY
14077520,BTC-SBD,2018-01-24T14:19:15.92,3.26957083,0.0005957,0.00194768,FILL,BUY
14077517,BTC-SBD,2018-01-24T14:19:13.357,30.72416533,0.00059578,0.01830484,FILL,BUY
14077513,BTC-SBD,2018-01-24T14:19:11.823,3.41394442,0.00059578,0.00203395,FILL,SELL
14077511,BTC-SBD,2018-01-24T14:19:09.887,4.15345561,0.00059766,0.00248235,FILL,BUY
14077504,BTC-SBD,2018-01-24T14:19:03.823,61.26793778,0.00059772,0.03662107,FILL,BUY
14077502,BTC-SBD,2018-01-24T14:19:00.137,17.095,0.00059772,0.01021802,FILL,BUY
14077500,BTC-SBD,2018-01-24T14:18:59.167,20.084,0.00059772,0.0120046,FILL,BUY
14077496,BTC-SBD,2018-01-24T14:18:54.76,10.19923994,0.00059778,0.0060969,FILL,BUY
14077493,BTC-SBD,2018-01-24T14:18:49.76,5.01823291,0.00059778,0.00299979,FILL,BUY
14077491,BTC-SBD,2018-01-24T14:18:49.387,4.97841518,0.00059578,0.00296604,PARTIAL_FILL,SELL
14077490,BTC-SBD,2018-01-24T14:18:49.387,10.07083151,0.00059578,0.00599999,FILL,SELL
14077485,BTC-SBD,2018-01-24T14:18:43.933,20.576,0.0005978,0.01230033,FILL,BUY
14077482,BTC-SBD,2018-01-24T14:18:40.197,11.46231623,0.0005978,0.00685217,FILL,BUY
14077480,BTC-SBD,2018-01-24T14:18:37.963,10.639,0.0005978,0.00635999,FILL,BUY
14077473,BTC-SBD,2018-01-24T14:18:33.243,97.49581245,0.00059301,0.05781599,PARTIAL_FILL,SELL
14077472,BTC-SBD,2018-01-24T14:18:33.243,1.49859561,0.00059376,0.0008898,FILL,SELL
14077471,BTC-SBD,2018-01-24T14:18:33.243,1.49851827,0.00059376,0.00088976,FILL,SELL
14077470,BTC-SBD,2018-01-24T14:18:33.243,1.49859561,0.00059376,0.0008898,FILL,SELL
14077469,BTC-SBD,2018-01-24T14:18:33.243,1.49859561,0.00059376,0.0008898,FILL,SELL
14077468,BTC-SBD,2018-01-24T14:18:33.243,33.52603099,0.00059506,0.01995,FILL,SELL
14077467,BTC-SBD,2018-01-24T14:18:33.243,40.17725842,0.0005978,0.02401796,FILL,SELL
14077466,BTC-SBD,2018-01-24T14:18:33.243,195.99280864,0.0005978,0.1171645,FILL,SELL
14077464,BTC-SBD,2018-01-24T14:18:31.027,804.78064811,0.0005978,0.48109787,PARTIAL_FILL,SELL
14077461,BTC-SBD,2018-01-24T14:18:22.853,3.1676586,0.00059782,0.00189368,PARTIAL_FILL,SELL
14077460,BTC-SBD,2018-01-24T14:18:22.853,6.69097722,0.00059782,0.004,FILL,SELL
14077459,BTC-SBD,2018-01-24T14:18:22.853,2.308789,0.00059789,0.0013804,FILL,SELL
14077458,BTC-SBD,2018-01-24T14:18:22.853,195.04598981,0.0005979,0.11661799,FILL,SELL
14077457,BTC-SBD,2018-01-24T14:18:18.26,160.6115542,0.0005979,0.09602964,PARTIAL_FILL,SELL
14077456,BTC-SBD,2018-01-24T14:18:18.26,5.01739363,0.00059792,0.00299999,FILL,SELL
14077455,BTC-SBD,2018-01-24T14:18:18.26,5.01739363,0.00059792,0.00299999,FILL,SELL
14077451,BTC-SBD,2018-01-24T14:18:05.32,10.0,0.0006004,0.006004,FILL,BUY
14077417,BTC-SBD,2018-01-24T14:17:19.15,11.33974736,0.00060043,0.00680872,FILL,BUY
14077404,BTC-SBD,2018-01-24T14:16:53.727,33.17409766,0.00060044,0.01991905,FILL,BUY
14077400,BTC-SBD,2018-01-24T14:16:50.193,25.01700614,0.0005979,0.01495766,PARTIAL_FILL,SELL
14077382,BTC-SBD,2018-01-24T14:16:14.303,113.5788525,0.0005978,0.06789743,PARTIAL_FILL,SELL
14077381,BTC-SBD,2018-01-24T14:16:14.287,42.46649063,0.00059781,0.02538689,FILL,SELL
14077380,BTC-SBD,2018-01-24T14:16:14.287,33.44481605,0.000598,0.01999999,FILL,SELL
14077379,BTC-SBD,2018-01-24T14:16:14.287,17.20387332,0.000598,0.01028791,FILL,SELL
14077378,BTC-SBD,2018-01-24T14:16:14.287,206.03372407,0.000598,0.12320816,FILL,SELL
14077377,BTC-SBD,2018-01-24T14:16:14.287,3.34431383,0.00059803,0.00199999,FILL,SELL
14077376,BTC-SBD,2018-01-24T14:16:14.287,0.0076924,0.00060007,4.61e-06,FILL,SELL
14077375,BTC-SBD,2018-01-24T14:16:14.287,243.10968846,0.000603,0.14659514,FILL,SELL
14077374,BTC-SBD,2018-01-24T14:16:14.287,10.98384962,0.000603,0.00662326,FILL,SELL
14077373,BTC-SBD,2018-01-24T14:16:13.537,112.8293,0.000603,0.06803606,PARTIAL_FILL,SELL
14077371,BTC-SBD,2018-01-24T14:16:11.083,22.48682184,0.000603,0.01355955,PARTIAL_FILL,SELL
14077370,BTC-SBD,2018-01-24T14:16:11.083,1e-06,0.000603,0.0,FILL,SELL
14077361,BTC-SBD,2018-01-24T14:15:54.457,47.723526,0.000603,0.02877728,PARTIAL_FILL,SELL
14077360,BTC-SBD,2018-01-24T14:15:54.457,1e-06,0.000603,0.0,FILL,SELL
14077351,BTC-SBD,2018-01-24T14:15:42.973,1.97732665,0.00060686,0.00119996,FILL,BUY
14077346,BTC-SBD,2018-01-24T14:15:30.88,110.14696641,0.000603,0.06641862,PARTIAL_FILL,SELL
14077345,BTC-SBD,2018-01-24T14:15:28.643,15.60879987,0.000603,0.0094121,PARTIAL_FILL,SELL
14077344,BTC-SBD,2018-01-24T14:15:28.067,174.24423272,0.000603,0.10506927,PARTIAL_FILL,SELL
14077330,BTC-SBD,2018-01-24T14:15:12.643,56.09181066,0.00060697,0.03404604,FILL,BUY
14077328,BTC-SBD,2018-01-24T14:15:07.207,41.49860879,0.00060705,0.02519173,FILL,BUY
14077327,BTC-SBD,2018-01-24T14:15:07.207,15.51,0.00060705,0.00941534,PARTIAL_FILL,BUY
14077322,BTC-SBD,2018-01-24T14:15:02.58,4.9923076,0.00060007,0.00299573,PARTIAL_FILL,SELL
14077311,BTC-SBD,2018-01-24T14:14:49.94,46.565,0.00060855,0.02833713,FILL,BUY
14077309,BTC-SBD,2018-01-24T14:14:49.41,36.84815359,0.00060856,0.02242431,FILL,BUY
14077303,BTC-SBD,2018-01-24T14:14:45.643,4.10745091,0.00060858,0.00249971,FILL,BUY
14077300,BTC-SBD,2018-01-24T14:14:45.47,55.44648275,0.00060858,0.03374362,FILL,BUY
14077284,BTC-SBD,2018-01-24T14:14:31.05,12.51561607,0.00060094,0.00752113,FILL,BUY
14077271,BTC-SBD,2018-01-24T14:14:17.283,37.52550923,0.000598,0.02244025,PARTIAL_FILL,SELL
14077255,BTC-SBD,2018-01-24T14:14:11.347,182.59411462,0.000598,0.10919128,PARTIAL_FILL,BUY
14077253,BTC-SBD,2018-01-24T14:14:10.86,60.96511868,0.000598,0.03645714,FILL,BUY
14077251,BTC-SBD,2018-01-24T14:14:09.64,7.07835862,0.000598,0.00423285,FILL,BUY
14077248,BTC-SBD,2018-01-24T14:14:09.203,12.51561607,0.000598,0.00748433,FILL,BUY
14077246,BTC-SBD,2018-01-24T14:14:09.14,25.16127489,0.000598,0.01504644,FILL,SELL
14077245,BTC-SBD,2018-01-24T14:14:09.14,113.60855803,0.00059806,0.06794473,FILL,SELL
14077244,BTC-SBD,2018-01-24T14:14:09.14,29.76057106,0.0005999,0.01785336,FILL,SELL
14077243,BTC-SBD,2018-01-24T14:14:09.14,1.05267544,0.0005999,0.00063149,FILL,SELL
14077242,BTC-SBD,2018-01-24T14:14:09.14,300.0,0.0006,0.18,FILL,SELL
14077241,BTC-SBD,2018-01-24T14:14:09.14,4.99950005,0.00060006,0.003,FILL,SELL
14077240,BTC-SBD,2018-01-24T14:14:09.14,165.36430857,0.00060006,0.0992285,FILL,SELL
14077239,BTC-SBD,2018-01-24T14:14:09.14,312.08739679,0.00060006,0.18727116,FILL,SELL
14077238,BTC-SBD,2018-01-24T14:14:09.14,71.66298474,0.0006001,0.04300495,FILL,SELL
14077237,BTC-SBD,2018-01-24T14:14:09.14,8.74920112,0.00060016,0.00525092,FILL,SELL
14077220,BTC-SBD,2018-01-24T14:13:53.987,37.49915407,0.00060006,0.02250174,PARTIAL_FILL,BUY
14077218,BTC-SBD,2018-01-24T14:13:53.517,29.818,0.00060006,0.01789258,FILL,BUY
14077214,BTC-SBD,2018-01-24T14:13:51.593,4.99950005,0.00060006,0.003,FILL,SELL
14077213,BTC-SBD,2018-01-24T14:13:51.593,24.78856021,0.00060006,0.01487462,FILL,SELL
14077182,BTC-SBD,2018-01-24T14:13:25.233,7.84190693,0.00060942,0.00477901,FILL,BUY
14077167,BTC-SBD,2018-01-24T14:13:15.03,4.0,0.00060951,0.00243804,FILL,BUY
14077162,BTC-SBD,2018-01-24T14:13:13.017,64.02685483,0.00060952,0.03902564,FILL,BUY
14077153,BTC-SBD,2018-01-24T14:13:08.453,2.03488132,0.00060001,0.00122094,PARTIAL_FILL,SELL
14077111,BTC-SBD,2018-01-24T14:12:41.403,16.03162913,0.00060536,0.0097049,FILL,BUY
14077109,BTC-SBD,2018-01-24T14:12:40.56,1.46986659,0.00060536,0.00088979,FILL,SELL
14077108,BTC-SBD,2018-01-24T14:12:40.39,14.15099232,0.00060676,0.00858625,FILL,SELL
14077107,BTC-SBD,2018-01-24T14:12:40.013,49.83443931,0.00060676,0.03023754,PARTIAL_FILL,SELL
14077101,BTC-SBD,2018-01-24T14:12:35.937,11.37506971,0.00060676,0.00690193,FILL,SELL
14077099,BTC-SBD,2018-01-24T14:12:35,61.20950902,0.00061,0.0373378,FILL,SELL
14077096,BTC-SBD,2018-01-24T14:12:33.03,41.3145415,0.00060847,0.02513865,PARTIAL_FILL,BUY
14077093,BTC-SBD,2018-01-24T14:12:30.59,3.6154585,0.00060847,0.00219989,FILL,BUY
14077092,BTC-SBD,2018-01-24T14:12:30.59,5.71,0.00060786,0.00347088,PARTIAL_FILL,BUY
14077085,BTC-SBD,2018-01-24T14:12:26.577,0.991331,0.00060676,0.00060149,PARTIAL_FILL,SELL
14077080,BTC-SBD,2018-01-24T14:12:24.217,50.0,0.00061,0.0305,FILL,SELL
14077075,BTC-SBD,2018-01-24T14:12:22.53,450.0,0.00061,0.2745,PARTIAL_FILL,SELL
14077058,BTC-SBD,2018-01-24T14:12:09.73,7.06063899,0.00061123,0.00431567,FILL,BUY
14077057,BTC-SBD,2018-01-24T14:12:09.73,12.36640071,0.00060676,0.00750343,PARTIAL_FILL,BUY
14077046,BTC-SBD,2018-01-24T14:12:00.67,190.41868417,0.00061283,0.11669428,FILL,SELL
14077044,BTC-SBD,2018-01-24T14:11:59.78,21.79187722,0.00061283,0.01335471,PARTIAL_FILL,SELL
14077042,BTC-SBD,2018-01-24T14:11:59.31,10.89593861,0.00061125,0.00666014,PARTIAL_FILL,BUY
14077040,BTC-SBD,2018-01-24T14:11:59.263,564.56947929,0.00059806,0.33764642,FILL,BUY
14077038,BTC-SBD,2018-01-24T14:11:58.247,40.8993738,0.00059806,0.02446027,FILL,BUY
14077036,BTC-SBD,2018-01-24T14:11:57.683,16.67892854,0.00059806,0.009975,FILL,SELL
14077035,BTC-SBD,2018-01-24T14:11:57.683,79.3111883,0.00059834,0.04745505,FILL,SELL
14077034,BTC-SBD,2018-01-24T14:11:57.683,5.99900356,0.0005999,0.0035988,FILL,SELL
14077033,BTC-SBD,2018-01-24T14:11:57.683,12.35308395,0.0006,0.00741185,FILL,SELL
14077032,BTC-SBD,2018-01-24T14:11:57.683,12.16206863,0.0006,0.00729724,FILL,SELL
14077031,BTC-SBD,2018-01-24T14:11:57.683,50.2765651,0.00060004,0.03016795,FILL,SELL
14077030,BTC-SBD,2018-01-24T14:11:57.683,104.30499779,0.00060007,0.0625903,FILL,SELL
14077029,BTC-SBD,2018-01-24T14:11:57.683,15.92325474,0.00060048,0.00956159,FILL,SELL
14077028,BTC-SBD,2018-01-24T14:11:57.683,1.46979074,0.00060536,0.00088975,FILL,SELL
14077027,BTC-SBD,2018-01-24T14:11:57.683,323.55373911,0.00060659,0.19626446,FILL,SELL
14077026,BTC-SBD,2018-01-24T14:11:57.683,3905.37466879,0.00061125,2.38716026,FILL,SELL
14077024,BTC-SBD,2018-01-24T14:11:56.98,939.89957373,0.00061125,0.57451361,PARTIAL_FILL,SELL
14077023,BTC-SBD,2018-01-24T14:11:56.98,56.55725985,0.00061125,0.03457062,FILL,SELL
14077022,BTC-SBD,2018-01-24T14:11:56.98,1.93435429,0.00061125,0.00118237,FILL,SELL
14077021,BTC-SBD,2018-01-24T14:11:56.98,192.64643526,0.00061133,0.11777054,FILL,SELL
14077020,BTC-SBD,2018-01-24T14:11:56.56,74.79692532,0.00061126,0.04572036,PARTIAL_FILL,BUY
14077018,BTC-SBD,2018-01-24T14:11:55.513,40.89912639,0.00061126,0.02499999,FILL,SELL
14077017,BTC-SBD,2018-01-24T14:11:55.513,29.59770965,0.00061133,0.01809396,FILL,SELL
14077016,BTC-SBD,2018-01-24T14:11:55.48,27.08728936,0.00061133,0.01655927,PARTIAL_FILL,SELL
14077015,BTC-SBD,2018-01-24T14:11:55.48,131.52616028,0.00061133,0.08040588,FILL,SELL
14077014,BTC-SBD,2018-01-24T14:11:55.48,10.89593861,0.00061649,0.00671723,FILL,SELL
14077013,BTC-SBD,2018-01-24T14:11:54.717,1.4704621,0.00061649,0.00090652,PARTIAL_FILL,BUY
14077010,BTC-SBD,2018-01-24T14:11:51.56,842.82186817,0.00061133,0.51524229,PARTIAL_FILL,SELL
14077009,BTC-SBD,2018-01-24T14:11:51.56,46.84200122,0.00061134,0.02863638,FILL,SELL
14077008,BTC-SBD,2018-01-24T14:11:51.56,19.4270397,0.00061134,0.01187652,FILL,SELL
14076994,BTC-SBD,2018-01-24T14:11:40.027,3.74887329,0.00061908,0.00232085,FILL,BUY
14076993,BTC-SBD,2018-01-24T14:11:40.027,81.60535693,0.00061907,0.05051942,PARTIAL_FILL,BUY
14076960,BTC-SBD,2018-01-24T14:11:20.357,8.09180613,0.00061916,0.00501012,FILL,BUY
14076959,BTC-SBD,2018-01-24T14:11:20.357,1.72335813,0.00061884,0.00106648,PARTIAL_FILL,BUY
14076953,BTC-SBD,2018-01-24T14:11:15.403,383.36202895,0.00061916,0.23736243,FILL,BUY
14076952,BTC-SBD,2018-01-24T14:11:15.403,41.66527782,0.00061915,0.02579705,PARTIAL_FILL,BUY
14076951,BTC-SBD,2018-01-24T14:11:15.403,7.24095136,0.00061908,0.00448272,PARTIAL_FILL,BUY
14076950,BTC-SBD,2018-01-24T14:11:15.403,21.16628759,0.00061182,0.01294995,PARTIAL_FILL,BUY
14076949,BTC-SBD,2018-01-24T14:11:15.403,27.89919509,0.00061181,0.017069,PARTIAL_FILL,BUY
14076934,BTC-SBD,2018-01-24T14:11:11.56,62.38,0.00061125,0.03812977,PARTIAL_FILL,SELL
14076931,BTC-SBD,2018-01-24T14:11:09.497,0.08420694,0.00061247,5.157e-05,FILL,SELL
14076929,BTC-SBD,2018-01-24T14:11:08.603,1.8254026,0.00061186,0.00111689,PARTIAL_FILL,BUY
14076923,BTC-SBD,2018-01-24T14:11:04.713,1.66666666,0.00061125,0.00101874,PARTIAL_FILL,SELL
14076912,BTC-SBD,2018-01-24T14:10:58.51,88.55256403,0.00061125,0.05412775,PARTIAL_FILL,SELL
14076889,BTC-SBD,2018-01-24T14:10:37.01,2.174631,0.00061125,0.00132924,PARTIAL_FILL,SELL
14076882,BTC-SBD,2018-01-24T14:10:33.23,643.61510898,0.00060001,0.3861755,PARTIAL_FILL,SELL
14076881,BTC-SBD,2018-01-24T14:10:33.23,15.60879987,0.00060002,0.00936559,FILL,SELL
14076880,BTC-SBD,2018-01-24T14:10:33.23,71.14736321,0.0006112,0.04348526,FILL,SELL
14076877,BTC-SBD,2018-01-24T14:10:32.383,218.23145136,0.00060001,0.13094105,PARTIAL_FILL,SELL
14076876,BTC-SBD,2018-01-24T14:10:32.383,41.66527782,0.00060002,0.02499999,FILL,SELL
14076875,BTC-SBD,2018-01-24T14:10:32.383,1.4704621,0.00060509,0.00088976,FILL,SELL
14076874,BTC-SBD,2018-01-24T14:10:32.383,163.91351284,0.00060972,0.09994134,FILL,SELL
14076873,BTC-SBD,2018-01-24T14:10:32.383,1.8378399,0.00061,0.00112108,FILL,SELL
14076872,BTC-SBD,2018-01-24T14:10:32.383,1.03453359,0.00061042,0.00063149,FILL,SELL
14076871,BTC-SBD,2018-01-24T14:10:32.383,149.57812618,0.00061091,0.09137877,FILL,SELL
14076870,BTC-SBD,2018-01-24T14:10:32.383,128.13294929,0.00061103,0.07829307,FILL,SELL
14076869,BTC-SBD,2018-01-24T14:10:32.383,1.86716597,0.00061116,0.00114113,FILL,SELL
14076868,BTC-SBD,2018-01-24T14:10:32.383,35.74233027,0.00061116,0.02184428,FILL,SELL
14076867,BTC-SBD,2018-01-24T14:10:32.383,28.9675314,0.00061117,0.01770408,FILL,SELL
14076866,BTC-SBD,2018-01-24T14:10:32.09,312.62196217,0.00061117,0.19106516,PARTIAL_FILL,SELL
14076865,BTC-SBD,2018-01-24T14:10:32.09,53.4191004,0.00061119,0.03264921,FILL,SELL
14076852,BTC-SBD,2018-01-24T14:10:26.29,1.65774248,0.00061116,0.00101314,PARTIAL_FILL,SELL
14076827,BTC-SBD,2018-01-24T14:10:14.29,214.05838402,0.00062287,0.13333054,FILL,BUY
14076826,BTC-SBD,2018-01-24T14:10:14.29,32.65907788,0.00062287,0.02034235,PARTIAL_FILL,BUY
14076822,BTC-SBD,2018-01-24T14:10:13.273,5.33667788,0.00061116,0.00326156,PARTIAL_FILL,SELL
14076808,BTC-SBD,2018-01-24T14:10:08.51,10.45799372,0.00061102,0.00639004,PARTIAL_FILL,SELL
14076797,BTC-SBD,2018-01-24T14:10:05.243,5.1548106,0.00061099,0.00314953,PARTIAL_FILL,SELL
14076792,BTC-SBD,2018-01-24T14:10:03.557,2.10427556,0.00061099,0.00128569,PARTIAL_FILL,SELL
14076780,BTC-SBD,2018-01-24T14:10:00.713,52.88655716,0.00061091,0.03230892,PARTIAL_FILL,SELL
14076770,BTC-SBD,2018-01-24T14:09:59.603,11.40858335,0.000623,0.00710754,FILL,BUY
14076769,BTC-SBD,2018-01-24T14:09:59.603,1.00841665,0.00062298,0.00062822,PARTIAL_FILL,BUY
14076766,BTC-SBD,2018-01-24T14:09:59.493,16.48913366,0.00061092,0.01007354,PARTIAL_FILL,SELL
14076728,BTC-SBD,2018-01-24T14:09:51.65,1.00841665,0.00061055,0.00061568,PARTIAL_FILL,SELL
14076727,BTC-SBD,2018-01-24T14:09:51.65,32.65907788,0.00061055,0.01993999,FILL,SELL
14076726,BTC-SBD,2018-01-24T14:09:51.65,4.48151619,0.00061055,0.00273618,FILL,SELL
14076725,BTC-SBD,2018-01-24T14:09:51.4,24.89998506,0.00061055,0.01520268,PARTIAL_FILL,SELL
14076724,BTC-SBD,2018-01-24T14:09:51.18,0.78836323,0.00061055,0.00048133,PARTIAL_FILL,SELL
14076723,BTC-SBD,2018-01-24T14:09:51.18,1.72335813,0.00061081,0.00105264,FILL,SELL
14076713,BTC-SBD,2018-01-24T14:09:50.023,2.4892134,0.00061055,0.00151978,PARTIAL_FILL,SELL
14076705,BTC-SBD,2018-01-24T14:09:47.51,11.41006143,0.00061053,0.00696618,PARTIAL_FILL,SELL
14076696,BTC-SBD,2018-01-24T14:09:44.383,53.65311313,0.00061044,0.032752,PARTIAL_FILL,SELL
14076695,BTC-SBD,2018-01-24T14:09:44.383,96.9295393,0.00062938,0.06100551,FILL,SELL
14076647,BTC-SBD,2018-01-24T14:09:26.523,7.67018035,0.00062776,0.00481503,FILL,SELL
14076645,BTC-SBD,2018-01-24T14:09:25.57,17.16108942,0.00062938,0.01080084,FILL,SELL
14076644,BTC-SBD,2018-01-24T14:09:25.57,5.40743462,0.00062938,0.00340333,FILL,SELL
14076643,BTC-SBD,2018-01-24T14:09:25.57,0.44724143,0.00063174,0.00028254,FILL,SELL
14076641,BTC-SBD,2018-01-24T14:09:23.947,9.33560665,0.00063174,0.00589767,PARTIAL_FILL,SELL
14076640,BTC-SBD,2018-01-24T14:09:23.947,0.95439335,0.00063314,0.00060426,FILL,SELL
14076638,BTC-SBD,2018-01-24T14:09:23.117,26.15894131,0.00063314,0.01656227,PARTIAL_FILL,BUY
14076637,BTC-SBD,2018-01-24T14:09:23.117,1.60766534,0.00063234,0.00101659,PARTIAL_FILL,BUY
14076634,BTC-SBD,2018-01-24T14:09:22.837,10.1,0.00063174,0.00638057,PARTIAL_FILL,BUY
14076633,BTC-SBD,2018-01-24T14:09:22.837,0.95482252,0.00062996,0.00060149,PARTIAL_FILL,BUY
14076630,BTC-SBD,2018-01-24T14:09:19.587,2.12122152,0.00062938,0.00133505,PARTIAL_FILL,SELL
14076629,BTC-SBD,2018-01-24T14:09:19.587,1.46484516,0.00062996,0.00092279,FILL,SELL
14076626,BTC-SBD,2018-01-24T14:09:17.663,215.30330743,0.00062996,0.13563247,PARTIAL_FILL,SELL
14076625,BTC-SBD,2018-01-24T14:09:17.663,27.3722065,0.00063174,0.01729211,FILL,SELL
14076621,BTC-SBD,2018-01-24T14:09:14.773,1.62287606,0.00063174,0.00102523,PARTIAL_FILL,SELL
14076620,BTC-SBD,2018-01-24T14:09:14.587,0.36498673,0.00063174,0.00023057,PARTIAL_FILL,BUY
14076607,BTC-SBD,2018-01-24T14:09:09.647,23.73488313,0.00063174,0.01499427,FILL,BUY
14076606,BTC-SBD,2018-01-24T14:09:09.647,55.27679959,0.00062996,0.03482217,PARTIAL_FILL,BUY
14076601,BTC-SBD,2018-01-24T14:09:06.79,14.6031746,0.00062938,0.00919094,PARTIAL_FILL,SELL
14076600,BTC-SBD,2018-01-24T14:09:06.773,8.29999502,0.00062938,0.00522385,PARTIAL_FILL,SELL
14076598,BTC-SBD,2018-01-24T14:09:05.367,43.95667012,0.00062938,0.02766544,PARTIAL_FILL,SELL
14076589,BTC-SBD,2018-01-24T14:09:03.727,12.67711326,0.00062938,0.00797872,PARTIAL_FILL,SELL
14076586,BTC-SBD,2018-01-24T14:09:03.337,5.15421065,0.00062938,0.00324395,PARTIAL_FILL,SELL
14076585,BTC-SBD,2018-01-24T14:09:03.257,3.36836432,0.00062938,0.00211998,PARTIAL_FILL,BUY
14076584,BTC-SBD,2018-01-24T14:09:03.257,1.51703022,0.00062818,0.00095296,PARTIAL_FILL,BUY
14076581,BTC-SBD,2018-01-24T14:09:02.147,3.32568425,0.00062776,0.00208773,PARTIAL_FILL,SELL
14076578,BTC-SBD,2018-01-24T14:09:01.587,8.73235336,0.00062776,0.00548182,PARTIAL_FILL,SELL
14076571,BTC-SBD,2018-01-24T14:09:00.1,1.99547691,0.00062776,0.00125268,PARTIAL_FILL,SELL
14076566,BTC-SBD,2018-01-24T14:08:58.943,6.07453156,0.00062776,0.00381334,PARTIAL_FILL,SELL
14076562,BTC-SBD,2018-01-24T14:08:57.773,103.91553745,0.00062776,0.06523401,PARTIAL_FILL,SELL
14076561,BTC-SBD,2018-01-24T14:08:57.727,3.617,0.00062776,0.0022706,PARTIAL_FILL,BUY
14076560,BTC-SBD,2018-01-24T14:08:57.727,273.77889835,0.00062776,0.17186744,PARTIAL_FILL,BUY
14076559,BTC-SBD,2018-01-24T14:08:57.727,435.1355235,0.00062747,0.27303448,PARTIAL_FILL,BUY
14076558,BTC-SBD,2018-01-24T14:08:57.727,1.47717999,0.00062527,0.00092363,PARTIAL_FILL,BUY
14076557,BTC-SBD,2018-01-24T14:08:57.727,8.0,0.000625,0.005,PARTIAL_FILL,BUY
14076556,BTC-SBD,2018-01-24T14:08:57.727,20.0,0.000625,0.0125,PARTIAL_FILL,BUY
14076555,BTC-SBD,2018-01-24T14:08:57.727,1.47717999,0.00062406,0.00092184,PARTIAL_FILL,BUY
14076552,BTC-SBD,2018-01-24T14:08:57.32,8.33333333,0.00062312,0.00519266,PARTIAL_FILL,SELL
14076551,BTC-SBD,2018-01-24T14:08:53.647,1.793707,0.00062222,0.00111608,PARTIAL_FILL,BUY
14076550,BTC-SBD,2018-01-24T14:08:53.647,13.62196002,0.00062219,0.00847544,PARTIAL_FILL,BUY
14076548,BTC-SBD,2018-01-24T14:08:52.397,8.06829417,0.00062219,0.00502001,FILL,BUY
14076545,BTC-SBD,2018-01-24T14:08:51.477,0.796525,0.00061,0.00048588,PARTIAL_FILL,SELL
14076544,BTC-SBD,2018-01-24T14:08:51.477,4.78243339,0.00061105,0.0029223,FILL,SELL
14076543,BTC-SBD,2018-01-24T14:08:51.477,5.72404886,0.00061105,0.00349768,FILL,SELL
14076542,BTC-SBD,2018-01-24T14:08:51.477,1.0180886,0.00062028,0.00063149,FILL,SELL
14076538,BTC-SBD,2018-01-24T14:08:50.49,20.543,0.00062219,0.01278164,FILL,BUY
14076534,BTC-SBD,2018-01-24T14:08:49.757,54.44886077,0.00062219,0.03387753,FILL,BUY
14076533,BTC-SBD,2018-01-24T14:08:49.757,56.19226376,0.00061659,0.03464758,PARTIAL_FILL,BUY
14076531,BTC-SBD,2018-01-24T14:08:49.57,18.543,0.00062028,0.01150185,FILL,SELL
14076530,BTC-SBD,2018-01-24T14:08:48.617,115.36752391,0.00062219,0.07178051,FILL,BUY
14076528,BTC-SBD,2018-01-24T14:08:47.833,2.0,0.00062028,0.00124056,PARTIAL_FILL,SELL
14076527,BTC-SBD,2018-01-24T14:08:47.583,29.85560734,0.00062219,0.01857586,FILL,BUY
14076525,BTC-SBD,2018-01-24T14:08:47.32,0.93459869,0.00062219,0.00058149,FILL,BUY
14076522,BTC-SBD,2018-01-24T14:08:46.443,11.9951718,0.000621,0.007449,FILL,BUY
14076521,BTC-SBD,2018-01-24T14:08:46.443,8.28154076,0.00061936,0.00512925,PARTIAL_FILL,BUY
14076520,BTC-SBD,2018-01-24T14:08:46.443,82.92550878,0.00061659,0.05113103,PARTIAL_FILL,BUY
14076518,BTC-SBD,2018-01-24T14:08:46.053,9.26538194,0.00061659,0.00571294,FILL,SELL
14076517,BTC-SBD,2018-01-24T14:08:46.037,60.94513699,0.00061659,0.03757816,FILL,SELL
14076516,BTC-SBD,2018-01-24T14:08:44.303,6.71309893,0.00061659,0.00413922,PARTIAL_FILL,SELL
14076514,BTC-SBD,2018-01-24T14:08:43.553,9.64956014,0.00061659,0.00594982,PARTIAL_FILL,SELL
14076511,BTC-SBD,2018-01-24T14:08:42.1,42.40993621,0.00061936,0.02626701,FILL,SELL
14076510,BTC-SBD,2018-01-24T14:08:41.32,2.32091643,0.00061936,0.00143748,PARTIAL_FILL,SELL
14076509,BTC-SBD,2018-01-24T14:08:41.07,18.45539945,0.00061936,0.01143053,PARTIAL_FILL,SELL
14076508,BTC-SBD,2018-01-24T14:08:40.07,4.15675972,0.00061936,0.00257453,PARTIAL_FILL,SELL
14076507,BTC-SBD,2018-01-24T14:08:39.663,4.10913872,0.00061936,0.00254503,PARTIAL_FILL,SELL
14076505,BTC-SBD,2018-01-24T14:08:38.99,4.15703619,0.00061936,0.0025747,PARTIAL_FILL,SELL
14076504,BTC-SBD,2018-01-24T14:08:38.867,20.78552662,0.00061936,0.01287372,PARTIAL_FILL,SELL
14076503,BTC-SBD,2018-01-24T14:08:38.117,47.34103949,0.00061936,0.02932114,PARTIAL_FILL,SELL
14076501,BTC-SBD,2018-01-24T14:08:37.897,1.9919988,0.00061936,0.00123376,PARTIAL_FILL,SELL
14076500,BTC-SBD,2018-01-24T14:08:37.867,17.91162431,0.00061936,0.01109374,PARTIAL_FILL,SELL
14076499,BTC-SBD,2018-01-24T14:08:37.867,4.53674444,0.0006202,0.00281368,FILL,SELL
14076498,BTC-SBD,2018-01-24T14:08:37.833,2.132684,0.00061987,0.00132198,PARTIAL_FILL,BUY
14076497,BTC-SBD,2018-01-24T14:08:37.833,3.35550922,0.00061986,0.00207994,PARTIAL_FILL,BUY
14076496,BTC-SBD,2018-01-24T14:08:37.833,9.97506234,0.00061955,0.00618004,PARTIAL_FILL,BUY
14076493,BTC-SBD,2018-01-24T14:08:37.553,11.7439812,0.00061936,0.00727375,PARTIAL_FILL,SELL
14076492,BTC-SBD,2018-01-24T14:08:37.43,4.64761145,0.00061936,0.00287854,PARTIAL_FILL,SELL
14076489,BTC-SBD,2018-01-24T14:08:36.27,7.86917702,0.00061936,0.00487385,PARTIAL_FILL,SELL
14076488,BTC-SBD,2018-01-24T14:08:36.147,191.73504784,0.00061936,0.11875301,PARTIAL_FILL,BUY
14076487,BTC-SBD,2018-01-24T14:08:36.147,129.5306674,0.00061928,0.08021575,PARTIAL_FILL,BUY
14076485,BTC-SBD,2018-01-24T14:08:36.02,13.30118879,0.00061659,0.00820137,PARTIAL_FILL,SELL
14076484,BTC-SBD,2018-01-24T14:08:35.57,10.11256444,0.00061659,0.0062353,PARTIAL_FILL,SELL
14076482,BTC-SBD,2018-01-24T14:08:35.32,16.1851582,0.00061659,0.0099796,PARTIAL_FILL,SELL
14076481,BTC-SBD,2018-01-24T14:08:34.803,20.0,0.00061928,0.0123856,FILL,BUY
14076479,BTC-SBD,2018-01-24T14:08:34.647,10.96278656,0.00061659,0.00675954,PARTIAL_FILL,SELL
14076478,BTC-SBD,2018-01-24T14:08:34.397,61.61028577,0.00061659,0.03798828,PARTIAL_FILL,SELL
14076476,BTC-SBD,2018-01-24T14:08:34.02,11.48372381,0.00061928,0.00711164,FILL,BUY
14076473,BTC-SBD,2018-01-24T14:08:32.913,4.60814324,0.00061659,0.00284133,PARTIAL_FILL,SELL
14076472,BTC-SBD,2018-01-24T14:08:32.85,64.00921732,0.00061659,0.03946744,PARTIAL_FILL,SELL
14076471,BTC-SBD,2018-01-24T14:08:32.57,14.85750635,0.00061659,0.00916098,PARTIAL_FILL,SELL
14076470,BTC-SBD,2018-01-24T14:08:32.413,20.0,0.00061928,0.0123856,FILL,BUY
14076455,BTC-SBD,2018-01-24T14:08:23.1,16.62759182,0.00061659,0.0102524,PARTIAL_FILL,SELL
14076454,BTC-SBD,2018-01-24T14:08:22.88,0.97552668,0.00061659,0.00060149,PARTIAL_FILL,SELL
14076452,BTC-SBD,2018-01-24T14:08:20.74,50.647,0.00061936,0.03136872,FILL,SELL
14076450,BTC-SBD,2018-01-24T14:08:20.74,30.00942459,0.00061936,0.01858663,FILL,SELL
14076445,BTC-SBD,2018-01-24T14:08:17.13,18.8860941,0.00061844,0.01167991,PARTIAL_FILL,BUY
14076444,BTC-SBD,2018-01-24T14:08:17.13,1.75148131,0.00061659,0.00107994,PARTIAL_FILL,BUY
14076438,BTC-SBD,2018-01-24T14:08:11.443,4.98851869,0.00061659,0.00307587,FILL,BUY
14076437,BTC-SBD,2018-01-24T14:08:11.443,10.12,0.00061659,0.00623989,PARTIAL_FILL,BUY
14076436,BTC-SBD,2018-01-24T14:08:11.443,1.49196223,0.00061584,0.00091881,PARTIAL_FILL,BUY
14076435,BTC-SBD,2018-01-24T14:08:11.443,1.49196223,0.00061584,0.00091881,PARTIAL_FILL,BUY
14076142,BTC-SBD,2018-01-24T14:05:30.313,13.41341336,0.00061,0.00818218,PARTIAL_FILL,BUY
14076141,BTC-SBD,2018-01-24T14:05:30.313,13.41341336,0.00061,0.00818218,PARTIAL_FILL,BUY
14076140,BTC-SBD,2018-01-24T14:05:30.313,6.9698705,0.00061,0.00425162,PARTIAL_FILL,BUY
14076139,BTC-SBD,2018-01-24T14:05:30.313,0.5506778,0.000608,0.00033481,PARTIAL_FILL,BUY
14076137,BTC-SBD,2018-01-24T14:05:30.017,4.51371706,0.000608,0.00274433,FILL,BUY
14076136,BTC-SBD,2018-01-24T14:05:30.017,429.91083128,0.00060799,0.26138148,PARTIAL_FILL,BUY
14076135,BTC-SBD,2018-01-24T14:05:30.017,17.62617541,0.00060798,0.01071636,PARTIAL_FILL,BUY
14076134,BTC-SBD,2018-01-24T14:05:30.017,63.0,0.00060798,0.03830274,PARTIAL_FILL,BUY
14076133,BTC-SBD,2018-01-24T14:05:30.017,0.8483723,0.00060687,0.00051485,PARTIAL_FILL,BUY
14076128,BTC-SBD,2018-01-24T14:05:21.03,22.65370156,0.00060348,0.01367105,PARTIAL_FILL,SELL
14076118,BTC-SBD,2018-01-24T14:05:16.187,15.0,0.00060348,0.0090522,FILL,BUY
14076117,BTC-SBD,2018-01-24T14:05:16.187,5.99900356,0.00060291,0.00361685,PARTIAL_FILL,BUY
14076116,BTC-SBD,2018-01-24T14:05:16.187,1.654699,0.00060283,0.0009975,PARTIAL_FILL,BUY
14076109,BTC-SBD,2018-01-24T14:04:58.263,11.39915842,0.00059859,0.00682342,FILL,BUY
14076088,BTC-SBD,2018-01-24T14:04:36.903,2.32381596,0.00059846,0.00139071,FILL,SELL
14076074,BTC-SBD,2018-01-24T14:04:23.183,3.6751876,0.00059812,0.0021982,PARTIAL_FILL,BUY
14076044,BTC-SBD,2018-01-24T14:03:46.29,3.67819167,0.00059812,0.0022,FILL,BUY
14076042,BTC-SBD,2018-01-24T14:03:36.93,12.64662073,0.00059812,0.00756419,FILL,BUY
14075994,BTC-SBD,2018-01-24T14:02:16.943,12.54705144,0.00059806,0.00750388,PARTIAL_FILL,SELL
14075960,BTC-SBD,2018-01-24T13:59:56.063,12.70521185,0.000598,0.00759771,PARTIAL_FILL,SELL
14075954,BTC-SBD,2018-01-24T13:59:39,30.0,0.000598,0.01794,PARTIAL_FILL,SELL
14075953,BTC-SBD,2018-01-24T13:59:34.44,40.56325177,0.000598,0.02425682,PARTIAL_FILL,SELL
14075952,BTC-SBD,2018-01-24T13:59:34.44,1.65729447,0.00059859,0.00099203,FILL,SELL
14075951,BTC-SBD,2018-01-24T13:59:34.423,24.57056332,0.00059859,0.01470769,FILL,SELL
14075950,BTC-SBD,2018-01-24T13:59:31.893,12.70521185,0.00060005,0.00762376,FILL,BUY
14075922,BTC-SBD,2018-01-24T13:57:56.28,4.49,0.00059859,0.00268766,PARTIAL_FILL,SELL
14075917,BTC-SBD,2018-01-24T13:57:49.153,4.49,0.00059859,0.00268766,PARTIAL_FILL,BUY
14075912,BTC-SBD,2018-01-24T13:57:40.543,15.51,0.00059859,0.00928413,FILL,SELL
14075910,BTC-SBD,2018-01-24T13:57:13.48,78.86399087,0.000598,0.04716066,PARTIAL_FILL,SELL
14075904,BTC-SBD,2018-01-24T13:56:57.76,12.70627062,0.000598,0.00759834,PARTIAL_FILL,SELL
14075899,BTC-SBD,2018-01-24T13:56:13.523,12.70627062,0.00059999,0.00762363,FILL,BUY
14075890,BTC-SBD,2018-01-24T13:55:10.617,15.5975619,0.00059801,0.00932749,PARTIAL_FILL,SELL
14075889,BTC-SBD,2018-01-24T13:55:10.617,25.36088883,0.00059809,0.01516809,FILL,SELL
14075888,BTC-SBD,2018-01-24T13:55:10.617,89.04154927,0.0005981,0.05325575,FILL,SELL
14075884,BTC-SBD,2018-01-24T13:54:06.897,35.832,0.00059809,0.02143076,PARTIAL_FILL,SELL
14075883,BTC-SBD,2018-01-24T13:53:48.88,13.54237493,0.00059809,0.00809955,PARTIAL_FILL,SELL
14075882,BTC-SBD,2018-01-24T13:53:48.88,4.62151849,0.00059809,0.00276408,FILL,SELL
14075854,BTC-SBD,2018-01-24T13:53:08.003,3.96998097,0.00059874,0.00237698,PARTIAL_FILL,BUY
14075823,BTC-SBD,2018-01-24T13:52:39.22,3.96998097,0.00059999,0.00238194,PARTIAL_FILL,BUY
14075738,BTC-SBD,2018-01-24T13:51:13.123,35.0,0.00059809,0.02093315,PARTIAL_FILL,SELL
14075737,BTC-SBD,2018-01-24T13:50:55.03,23.69755358,0.00059999,0.01421829,FILL,SELL
14075736,BTC-SBD,2018-01-24T13:50:55.03,21.36606663,0.00059999,0.01281942,FILL,SELL
14075733,BTC-SBD,2018-01-24T13:50:37.387,12.70521185,0.00059999,0.007623,PARTIAL_FILL,SELL
14075725,BTC-SBD,2018-01-24T13:50:31.01,7.13019026,0.00060005,0.00427847,FILL,BUY
14075724,BTC-SBD,2018-01-24T13:50:31.01,5.57502159,0.00060005,0.00334529,PARTIAL_FILL,BUY
14075722,BTC-SBD,2018-01-24T13:50:28.323,35.92872152,0.00059999,0.02155687,PARTIAL_FILL,SELL
14075721,BTC-SBD,2018-01-24T13:50:28.323,49.33976806,0.00059999,0.02960336,FILL,SELL
14075711,BTC-SBD,2018-01-24T13:50:05.057,21.156,0.00059999,0.01269338,PARTIAL_FILL,SELL
14075710,BTC-SBD,2018-01-24T13:50:04.95,488.32757541,0.00060005,0.29302096,FILL,BUY
14075707,BTC-SBD,2018-01-24T13:50:01.823,238.11251042,0.0006,0.1428675,FILL,SELL
14075700,BTC-SBD,2018-01-24T13:49:48.713,12.70521185,0.0006,0.00762312,PARTIAL_FILL,SELL
14075686,BTC-SBD,2018-01-24T13:49:30.57,12.70521185,0.00060005,0.00762376,FILL,BUY
14075682,BTC-SBD,2018-01-24T13:49:15.57,12.70521185,0.0006,0.00762312,PARTIAL_FILL,SELL
14075681,BTC-SBD,2018-01-24T13:49:15.57,6.521,0.0006,0.0039126,PARTIAL_FILL,SELL
14075671,BTC-SBD,2018-01-24T13:49:04.367,12.70521185,0.00060005,0.00762376,FILL,BUY
14075649,BTC-SBD,2018-01-24T13:48:09.46,12.70521185,0.0006,0.00762312,PARTIAL_FILL,SELL
14075645,BTC-SBD,2018-01-24T13:48:04.147,12.70521185,0.00060005,0.00762376,FILL,BUY
14075635,BTC-SBD,2018-01-24T13:47:44.083,41.29080716,0.0006,0.02477448,PARTIAL_FILL,SELL
14075623,BTC-SBD,2018-01-24T13:47:31.957,6.74200772,0.00060005,0.00404554,FILL,SELL
14075605,BTC-SBD,2018-01-24T13:47:12.177,12.70500012,0.00060005,0.00762363,PARTIAL_FILL,SELL
14075604,BTC-SBD,2018-01-24T13:47:06.893,12.70500012,0.00060006,0.00762376,FILL,BUY
14075599,BTC-SBD,2018-01-24T13:46:48.923,1.197953,0.00060006,0.00071884,FILL,SELL
14075583,BTC-SBD,2018-01-24T13:46:18.75,11.9,0.00060006,0.00714071,PARTIAL_FILL,SELL
14075549,BTC-SBD,2018-01-24T13:45:34.203,12.65438763,0.00060003,0.00759301,PARTIAL_FILL,SELL
14075548,BTC-SBD,2018-01-24T13:45:26.687,12.65438763,0.00060246,0.00762376,FILL,BUY
14075540,BTC-SBD,2018-01-24T13:45:20.357,59.14422521,0.00060246,0.03563202,FILL,BUY
14075534,BTC-SBD,2018-01-24T13:45:07.75,33.50136886,0.00060246,0.02018323,FILL,BUY
14075533,BTC-SBD,2018-01-24T13:45:07.75,3.45100092,0.00060246,0.00207909,PARTIAL_FILL,BUY
14075527,BTC-SBD,2018-01-24T13:44:56.687,4.64761145,0.00060246,0.00279999,FILL,BUY
14075525,BTC-SBD,2018-01-24T13:44:55.98,20.708,0.00060003,0.01242542,PARTIAL_FILL,SELL
14075516,BTC-SBD,2018-01-24T13:44:46.137,70.49576806,0.00059999,0.04229675,FILL,BUY
14075514,BTC-SBD,2018-01-24T13:44:44.607,166.23610394,0.00059999,0.09974,FILL,BUY
14075474,BTC-SBD,2018-01-24T13:43:43.667,252.49451889,0.00059809,0.15101444,PARTIAL_FILL,SELL
14075473,BTC-SBD,2018-01-24T13:43:43.667,12.27667217,0.0005981,0.00734267,FILL,SELL
14075472,BTC-SBD,2018-01-24T13:43:43.667,88.60237261,0.00059811,0.05299396,FILL,SELL
14075460,BTC-SBD,2018-01-24T13:43:19.76,6.655574,0.000601,0.00399999,FILL,BUY
14075454,BTC-SBD,2018-01-24T13:43:13.18,6.87563122,0.000601,0.00413225,FILL,SELL
14075453,BTC-SBD,2018-01-24T13:43:13.18,143.89126398,0.000601,0.08647864,FILL,SELL
14075449,BTC-SBD,2018-01-24T13:43:09.023,12.65438763,0.000601,0.00760528,PARTIAL_FILL,SELL
14075447,BTC-SBD,2018-01-24T13:43:03.93,12.65438763,0.00060246,0.00762376,FILL,BUY
14075441,BTC-SBD,2018-01-24T13:42:25.13,12.63383663,0.000601,0.00759293,PARTIAL_FILL,SELL
14075440,BTC-SBD,2018-01-24T13:42:19.21,18.8860941,0.00060337,0.0113953,FILL,SELL
14075439,BTC-SBD,2018-01-24T13:42:18.71,12.63383663,0.00060344,0.00762376,FILL,BUY
14075427,BTC-SBD,2018-01-24T13:42:03.973,12.63551176,0.000601,0.00759394,PARTIAL_FILL,SELL
14075424,BTC-SBD,2018-01-24T13:41:58.52,12.63551176,0.00060336,0.00762376,FILL,BUY
14075397,BTC-SBD,2018-01-24T13:41:27.423,18.185,0.000601,0.01092918,PARTIAL_FILL,SELL
14075395,BTC-SBD,2018-01-24T13:41:22.003,497.26562727,0.00060336,0.30003018,FILL,SELL
14075391,BTC-SBD,2018-01-24T13:41:08.05,15.786,0.00060336,0.00952464,PARTIAL_FILL,SELL
14075390,BTC-SBD,2018-01-24T13:41:01.94,12.63299923,0.00060336,0.00762224,PARTIAL_FILL,BUY
14075384,BTC-SBD,2018-01-24T13:40:55.267,12.63488353,0.00059806,0.00755641,PARTIAL_FILL,SELL
14075380,BTC-SBD,2018-01-24T13:40:48.69,12.63488353,0.00060337,0.0076235,FILL,BUY
14075373,BTC-SBD,2018-01-24T13:40:31.69,12.63299923,0.00059805,0.00755516,PARTIAL_FILL,SELL
14075367,BTC-SBD,2018-01-24T13:40:25.86,12.63299923,0.00060348,0.00762376,FILL,BUY
14075356,BTC-SBD,2018-01-24T13:40:13.22,60.71451059,0.00060348,0.03663999,FILL,BUY
14075355,BTC-SBD,2018-01-24T13:40:13.22,39.28548941,0.00060347,0.02370761,PARTIAL_FILL,BUY
14075349,BTC-SBD,2018-01-24T13:40:05.81,12.63299923,0.00059803,0.00755491,PARTIAL_FILL,SELL
14075344,BTC-SBD,2018-01-24T13:39:58.89,3.86839831,0.00060348,0.0023345,FILL,BUY
14075343,BTC-SBD,2018-01-24T13:39:58.89,8.76460092,0.00060348,0.00528926,PARTIAL_FILL,BUY
14075302,BTC-SBD,2018-01-24T13:39:03.95,4.97116723,0.00060347,0.00299995,FILL,BUY
14075298,BTC-SBD,2018-01-24T13:38:58.2,33.37,0.00059796,0.01995392,PARTIAL_FILL,SELL
14075279,BTC-SBD,2018-01-24T13:38:27.637,12.63299923,0.00059791,0.00755339,PARTIAL_FILL,SELL
14075266,BTC-SBD,2018-01-24T13:38:18.32,12.63299923,0.00060348,0.00762376,FILL,BUY
14075255,BTC-SBD,2018-01-24T13:38:11.32,6.26095374,0.00060255,0.00377253,FILL,BUY
14075253,BTC-SBD,2018-01-24T13:38:11.21,1.56844429,0.00059788,0.00093774,PARTIAL_FILL,SELL
14075252,BTC-SBD,2018-01-24T13:38:11.21,18.48555571,0.00059788,0.01105214,FILL,SELL
14075248,BTC-SBD,2018-01-24T13:37:48.117,44.51444429,0.00059788,0.02661429,PARTIAL_FILL,SELL
14075181,BTC-SBD,2018-01-24T13:36:35.66,9.35188995,0.00059781,0.00559065,PARTIAL_FILL,SELL
14075180,BTC-SBD,2018-01-24T13:36:35.66,2.20759635,0.00060141,0.00132767,FILL,SELL
14075179,BTC-SBD,2018-01-24T13:36:35.66,1.09595165,0.00060141,0.00065911,FILL,SELL
14075176,BTC-SBD,2018-01-24T13:36:30.83,12.65543795,0.00060241,0.00762376,FILL,BUY
14075174,BTC-SBD,2018-01-24T13:36:29.863,17.44778033,0.00060241,0.01051071,FILL,BUY
14075168,BTC-SBD,2018-01-24T13:36:21.27,2.20759635,0.00060141,0.00132767,PARTIAL_FILL,SELL
14075166,BTC-SBD,2018-01-24T13:36:18.8,7.57845181,0.00060241,0.00456533,FILL,BUY
14075165,BTC-SBD,2018-01-24T13:36:18.8,0.72154321,0.00060241,0.00043466,PARTIAL_FILL,BUY
14075160,BTC-SBD,2018-01-24T13:36:12.253,12.66698308,0.00060141,0.00761805,PARTIAL_FILL,SELL
14075158,BTC-SBD,2018-01-24T13:36:06.673,1.9919988,0.00060241,0.00119999,FILL,BUY
14075153,BTC-SBD,2018-01-24T13:36:01.22,11.66693321,0.00060241,0.00702827,FILL,BUY
14075151,BTC-SBD,2018-01-24T13:35:56.83,24.89998506,0.00060241,0.01499999,FILL,BUY
14075147,BTC-SBD,2018-01-24T13:35:51.173,10.45799372,0.00060241,0.00629999,FILL,BUY
14075137,BTC-SBD,2018-01-24T13:35:45.237,1.74299895,0.00060241,0.00104999,FILL,BUY
14075131,BTC-SBD,2018-01-24T13:35:32.017,17.491,0.00060141,0.01051926,PARTIAL_FILL,SELL
14075129,BTC-SBD,2018-01-24T13:35:04.483,1.9919988,0.00060241,0.00119999,FILL,BUY
14075127,BTC-SBD,2018-01-24T13:34:56.5,2.20759635,0.00060141,0.00132767,PARTIAL_FILL,SELL
14075118,BTC-SBD,2018-01-24T13:34:34.217,1.19592651,0.00060141,0.00071924,PARTIAL_FILL,SELL
14075117,BTC-SBD,2018-01-24T13:34:34.217,1.01166984,0.00060145,0.00060846,FILL,SELL
14075113,BTC-SBD,2018-01-24T13:34:25.7,1.00004987,0.00060147,0.00060149,PARTIAL_FILL,BUY
14075108,BTC-SBD,2018-01-24T13:34:14.793,19.195,0.0006014,0.01154387,PARTIAL_FILL,SELL
14075099,BTC-SBD,2018-01-24T13:33:39.34,5.99900356,0.00060147,0.00360822,FILL,SELL
14075098,BTC-SBD,2018-01-24T13:33:37.747,5.57485301,0.00060241,0.00335834,FILL,BUY
14075095,BTC-SBD,2018-01-24T13:33:35.153,4.40020933,0.0006015,0.00264672,PARTIAL_FILL,BUY
14075085,BTC-SBD,2018-01-24T13:33:30.777,5.99900356,0.00060147,0.00360822,PARTIAL_FILL,BUY
14075083,BTC-SBD,2018-01-24T13:33:26.917,2.20755942,0.0006014,0.00132762,PARTIAL_FILL,SELL
14075047,BTC-SBD,2018-01-24T13:32:56.79,2.20755942,0.00060138,0.00132758,PARTIAL_FILL,SELL
14075041,BTC-SBD,2018-01-24T13:32:50.62,10.888,0.00060138,0.00654782,PARTIAL_FILL,SELL
14075040,BTC-SBD,2018-01-24T13:32:49.98,2.20755942,0.00060138,0.00132758,PARTIAL_FILL,SELL
14075039,BTC-SBD,2018-01-24T13:32:48.743,18.0,0.00060138,0.01082484,PARTIAL_FILL,SELL
14075036,BTC-SBD,2018-01-24T13:32:44.587,1.52042862,0.00060138,0.00091435,PARTIAL_FILL,BUY
14075035,BTC-SBD,2018-01-24T13:32:44.587,5018.48475217,0.00060138,3.01801636,PARTIAL_FILL,BUY
14075034,BTC-SBD,2018-01-24T13:32:44.587,7.83292677,0.00060138,0.00471056,PARTIAL_FILL,BUY
14075032,BTC-SBD,2018-01-24T13:32:32.68,7.33645947,0.00060138,0.00441199,FILL,BUY
14075027,BTC-SBD,2018-01-24T13:31:58.55,12.67711326,0.00059785,0.00757901,PARTIAL_FILL,SELL
14075024,BTC-SBD,2018-01-24T13:31:53.003,12.67711326,0.00060138,0.00762376,FILL,BUY
14075017,BTC-SBD,2018-01-24T13:31:41.783,39.22156403,0.00059779,0.02344625,PARTIAL_FILL,SELL
14075014,BTC-SBD,2018-01-24T13:31:38.893,49.331,0.00059779,0.02948957,PARTIAL_FILL,SELL
14074966,BTC-SBD,2018-01-24T13:31:10.44,12.67711326,0.00059779,0.00757825,PARTIAL_FILL,BUY
14074932,BTC-SBD,2018-01-24T13:30:51.72,12.67711326,0.00060138,0.00762376,FILL,BUY
14074889,BTC-SBD,2018-01-24T13:30:33.577,3.32568425,0.00060138,0.00199999,FILL,BUY
14074850,BTC-SBD,2018-01-24T13:30:02.763,9.77125549,0.00060138,0.00587623,FILL,BUY
14074849,BTC-SBD,2018-01-24T13:30:02.763,12.67711326,0.00059779,0.00757825,PARTIAL_FILL,BUY
14074808,BTC-SBD,2018-01-24T13:29:39.277,12.67711326,0.00060138,0.00762376,FILL,BUY
14074796,BTC-SBD,2018-01-24T13:29:34.34,7.00499803,0.00059411,0.00416173,PARTIAL_FILL,SELL
14074779,BTC-SBD,2018-01-24T13:29:26.713,2.047,0.00059402,0.00121595,PARTIAL_FILL,SELL
14074767,BTC-SBD,2018-01-24T13:29:19.37,38.14901072,0.00059779,0.02280509,PARTIAL_FILL,BUY
14074747,BTC-SBD,2018-01-24T13:29:07.793,47.34103949,0.00059779,0.02829999,FILL,BUY
14074742,BTC-SBD,2018-01-24T13:29:06.76,5.1548106,0.00059779,0.00308149,FILL,BUY
14074722,BTC-SBD,2018-01-24T13:28:53.34,15.78552662,0.00059779,0.00943642,FILL,BUY
14074721,BTC-SBD,2018-01-24T13:28:53.34,5.0,0.00059778,0.0029889,PARTIAL_FILL,BUY
14074701,BTC-SBD,2018-01-24T13:28:38.027,19.94999137,0.00059779,0.0119259,FILL,SELL
14074673,BTC-SBD,2018-01-24T13:28:23.353,6.07453156,0.00059779,0.00363129,PARTIAL_FILL,BUY
14074668,BTC-SBD,2018-01-24T13:28:20.867,6.691313,0.00059779,0.00399999,FILL,BUY
14074638,BTC-SBD,2018-01-24T13:28:04.633,1.49851827,0.00059859,0.00089699,PARTIAL_FILL,BUY
14074575,BTC-SBD,2018-01-24T13:27:25.32,75.07400211,0.00060138,0.045148,FILL,BUY
14074574,BTC-SBD,2018-01-24T13:27:25.32,32.61193137,0.00060137,0.01961183,PARTIAL_FILL,BUY
14074573,BTC-SBD,2018-01-24T13:27:25.32,1.52042862,0.00059941,0.00091136,PARTIAL_FILL,BUY
14074572,BTC-SBD,2018-01-24T13:27:25.32,1.52042862,0.00059941,0.00091136,PARTIAL_FILL,BUY
14074571,BTC-SBD,2018-01-24T13:27:25.32,1.52042862,0.00059941,0.00091136,PARTIAL_FILL,BUY
14074570,BTC-SBD,2018-01-24T13:27:25.32,105.01470874,0.0005994,0.06294581,PARTIAL_FILL,BUY
14074569,BTC-SBD,2018-01-24T13:27:25.32,1.35674768,0.0005994,0.00081323,PARTIAL_FILL,BUY
14074568,BTC-SBD,2018-01-24T13:27:25.32,25.03754168,0.0005972,0.01495241,PARTIAL_FILL,BUY
14074567,BTC-SBD,2018-01-24T13:27:25.32,6.34506219,0.0005972,0.00378927,PARTIAL_FILL,BUY
14074566,BTC-SBD,2018-01-24T13:27:25.32,329.08336431,0.0005972,0.19652858,PARTIAL_FILL,BUY
14074548,BTC-SBD,2018-01-24T13:27:14.723,9.28474547,0.0005972,0.00554484,FILL,BUY
14074544,BTC-SBD,2018-01-24T13:27:05.91,28.90929908,0.0005972,0.01726463,FILL,BUY
14074541,BTC-SBD,2018-01-24T13:27:01.02,6.697924,0.0005972,0.004,FILL,BUY
14074538,BTC-SBD,2018-01-24T13:26:58.253,12.76584456,0.0005972,0.00762376,FILL,BUY
14074534,BTC-SBD,2018-01-24T13:26:57.38,62.38,0.0005972,0.03725333,FILL,BUY
14074532,BTC-SBD,2018-01-24T13:26:55.817,45.36204699,0.0005972,0.02709021,FILL,BUY
14074516,BTC-SBD,2018-01-24T13:26:27.783,668.05090422,0.0005972,0.39896,FILL,BUY
14074512,BTC-SBD,2018-01-24T13:26:25.58,2.51172136,0.0005972,0.00149999,FILL,BUY
14074505,BTC-SBD,2018-01-24T13:26:15.673,55.71,0.0005972,0.03327001,FILL,BUY
14074493,BTC-SBD,2018-01-24T13:26:05.563,45.5,0.0005972,0.0271726,FILL,BUY
14074451,BTC-SBD,2018-01-24T13:25:32.33,10.549,0.00059691,0.0062968,PARTIAL_FILL,SELL
14074405,BTC-SBD,2018-01-24T13:24:46.513,415.96291786,0.0005972,0.24841305,FILL,BUY
14074396,BTC-SBD,2018-01-24T13:24:42.78,501.03817816,0.0005972,0.29921999,FILL,BUY
14074393,BTC-SBD,2018-01-24T13:24:42.497,20.16839004,0.0005972,0.01204456,FILL,BUY
14074383,BTC-SBD,2018-01-24T13:24:36.73,872.54,0.0005972,0.52108088,FILL,BUY
14074379,BTC-SBD,2018-01-24T13:24:34.043,673.1531,0.0005972,0.40200703,FILL,BUY
14074372,BTC-SBD,2018-01-24T13:24:31.747,668.05090422,0.0005972,0.39896,FILL,BUY
14074366,BTC-SBD,2018-01-24T13:24:25.467,6.697924,0.0005972,0.004,FILL,BUY
14074363,BTC-SBD,2018-01-24T13:24:20.013,623.95555789,0.0005972,0.37262625,FILL,BUY
14074362,BTC-SBD,2018-01-24T13:24:20.013,44.0954432,0.00059719,0.02633335,PARTIAL_FILL,BUY
14074359,BTC-SBD,2018-01-24T13:24:15.09,13.0245568,0.00059719,0.00777813,FILL,BUY
14074358,BTC-SBD,2018-01-24T13:24:15.09,12.20248659,0.00059637,0.00727719,PARTIAL_FILL,BUY
14074355,BTC-SBD,2018-01-24T13:23:53.48,20.329,0.00059288,0.01205265,PARTIAL_FILL,SELL
14074343,BTC-SBD,2018-01-24T13:23:36.15,8.53919759,0.0005972,0.0050996,FILL,BUY
14074340,BTC-SBD,2018-01-24T13:23:32.103,3.683858,0.0005972,0.00219999,FILL,BUY
14074306,BTC-SBD,2018-01-24T13:23:02.21,264.09750348,0.00059287,0.15657548,PARTIAL_FILL,SELL
14074305,BTC-SBD,2018-01-24T13:22:54.85,7.97868405,0.00059287,0.00473032,PARTIAL_FILL,SELL
14074285,BTC-SBD,2018-01-24T13:22:29.99,67.67995378,0.00059287,0.04012541,PARTIAL_FILL,SELL
14074272,BTC-SBD,2018-01-24T13:22:16.787,22.582,0.00059287,0.01338819,PARTIAL_FILL,SELL
14074237,BTC-SBD,2018-01-24T13:21:38.583,42.795,0.00059287,0.02537187,PARTIAL_FILL,SELL
14074209,BTC-SBD,2018-01-24T13:21:05.91,227.79671502,0.00059288,0.13505611,PARTIAL_FILL,BUY
14074207,BTC-SBD,2018-01-24T13:21:05.707,394.19820874,0.00059288,0.23371223,FILL,BUY
14074205,BTC-SBD,2018-01-24T13:21:05.627,1.49851827,0.00059288,0.00088844,FILL,BUY
14074203,BTC-SBD,2018-01-24T13:21:05.097,25.3,0.00059288,0.01499986,FILL,SELL
14074202,BTC-SBD,2018-01-24T13:21:05.097,6.74,0.00059288,0.00399601,FILL,SELL
14074201,BTC-SBD,2018-01-24T13:21:05.097,10.12,0.00059288,0.00599994,FILL,SELL
14074200,BTC-SBD,2018-01-24T13:21:05.097,124.97695535,0.00059289,0.07409758,FILL,SELL
14074190,BTC-SBD,2018-01-24T13:20:58.83,17.12,0.00059288,0.0101501,PARTIAL_FILL,SELL
14074189,BTC-SBD,2018-01-24T13:20:55.97,40.0,0.00059288,0.0237152,PARTIAL_FILL,SELL
14074174,BTC-SBD,2018-01-24T13:20:23.64,44.23667469,0.00059287,0.02622659,PARTIAL_FILL,SELL
14074173,BTC-SBD,2018-01-24T13:20:23.64,2.89349736,0.00059287,0.00171546,FILL,SELL
14074163,BTC-SBD,2018-01-24T13:19:56.78,12.98590809,0.00059287,0.00769895,PARTIAL_FILL,SELL
14074155,BTC-SBD,2018-01-24T13:19:48.717,1.52042862,0.0005994,0.00091134,PARTIAL_FILL,BUY
14074145,BTC-SBD,2018-01-24T13:19:40.45,4.12782173,0.00059287,0.00244726,PARTIAL_FILL,SELL
14074144,BTC-SBD,2018-01-24T13:19:40.45,1.35674768,0.00059287,0.00080437,FILL,SELL
14074143,BTC-SBD,2018-01-24T13:19:40.45,1.52042862,0.00059376,0.00090276,FILL,SELL
14074141,BTC-SBD,2018-01-24T13:19:26.153,1.99547691,0.00059759,0.00119247,FILL,BUY
14074123,BTC-SBD,2018-01-24T13:18:55.277,12.67753488,0.00060136,0.00762376,FILL,BUY
14074113,BTC-SBD,2018-01-24T13:18:50.87,38.775,0.00059464,0.02305716,PARTIAL_FILL,SELL
14074098,BTC-SBD,2018-01-24T13:18:45.12,20.00722718,0.00059287,0.01186168,FILL,BUY
14074096,BTC-SBD,2018-01-24T13:18:43.87,10.0,0.00059327,0.0059327,FILL,SELL
14074095,BTC-SBD,2018-01-24T13:18:43.87,1.52042862,0.00059376,0.00090276,FILL,SELL
14074094,BTC-SBD,2018-01-24T13:18:43.87,1.52042862,0.00059376,0.00090276,FILL,SELL
14074093,BTC-SBD,2018-01-24T13:18:43.87,1.52042862,0.00059376,0.00090276,FILL,SELL
14074092,BTC-SBD,2018-01-24T13:18:43.87,1.52042862,0.00059376,0.00090276,FILL,SELL
14074091,BTC-SBD,2018-01-24T13:18:43.87,1.06354312,0.00059377,0.00063149,FILL,SELL
14074090,BTC-SBD,2018-01-24T13:18:43.853,1.654699,0.00059391,0.00098274,FILL,SELL
14074089,BTC-SBD,2018-01-24T13:18:43.853,2.57081622,0.00060042,0.00154356,FILL,SELL
14074040,BTC-SBD,2018-01-24T13:17:48.147,12.67669167,0.00059759,0.00757546,FILL,BUY
14074028,BTC-SBD,2018-01-24T13:17:41.333,10.0,0.00059721,0.0059721,PARTIAL_FILL,BUY
14074027,BTC-SBD,2018-01-24T13:17:41.333,37.13482631,0.00059721,0.02217728,PARTIAL_FILL,BUY
14074026,BTC-SBD,2018-01-24T13:17:41.333,5.0,0.00059721,0.00298605,PARTIAL_FILL,BUY
14074025,BTC-SBD,2018-01-24T13:17:41.333,59.24594995,0.00059721,0.03538227,PARTIAL_FILL,BUY
14074023,BTC-SBD,2018-01-24T13:17:41.21,25.17940324,0.00059721,0.01503739,FILL,BUY
14074006,BTC-SBD,2018-01-24T13:17:32.863,12.402,0.00059559,0.0073865,PARTIAL_FILL,SELL
14074002,BTC-SBD,2018-01-24T13:17:30.317,501.02978852,0.00059721,0.29922,FILL,BUY
14073983,BTC-SBD,2018-01-24T13:16:38.957,3.68379632,0.00059721,0.0022,FILL,BUY
14073959,BTC-SBD,2018-01-24T13:16:18.83,51.07081261,0.00059721,0.03049999,FILL,BUY
14073948,BTC-SBD,2018-01-24T13:15:42.5,8.22392525,0.00059721,0.00491141,FILL,BUY
14073938,BTC-SBD,2018-01-24T13:15:19.793,8.0925791,0.00059721,0.00483296,FILL,BUY
14073929,BTC-SBD,2018-01-24T13:15:12.81,4.82478007,0.00059721,0.0028814,FILL,BUY
14073927,BTC-SBD,2018-01-24T13:15:04.01,4.07020285,0.00059721,0.00243076,FILL,BUY
14073921,BTC-SBD,2018-01-24T13:15:00.247,11.674,0.00059721,0.00697182,FILL,BUY
14073917,BTC-SBD,2018-01-24T13:14:59.26,11.674,0.00059721,0.00697182,FILL,BUY
14073906,BTC-SBD,2018-01-24T13:14:52.853,57.08364466,0.00059721,0.03409092,FILL,SELL
14073841,BTC-SBD,2018-01-24T13:13:39.68,20.37228364,0.00060137,0.01225128,FILL,BUY
14073840,BTC-SBD,2018-01-24T13:13:39.68,58.84460039,0.00060137,0.03538737,PARTIAL_FILL,BUY
14073793,BTC-SBD,2018-01-24T13:12:46.6,4.15539961,0.00060137,0.00249893,FILL,BUY
14073751,BTC-SBD,2018-01-24T13:12:23.55,3.92283118,0.00060138,0.00235911,FILL,BUY
14073702,BTC-SBD,2018-01-24T13:11:53.313,87.931,0.00060138,0.05287994,FILL,BUY
14073659,BTC-SBD,2018-01-24T13:11:19.327,1.67026674,0.00060139,0.00100448,FILL,BUY
14073652,BTC-SBD,2018-01-24T13:11:15.593,8.31393415,0.00060139,0.00499991,FILL,BUY
14073626,BTC-SBD,2018-01-24T13:11:02.42,0.81200519,0.0006014,0.00048833,FILL,BUY
14073625,BTC-SBD,2018-01-24T13:11:02.42,0.49555895,0.0006014,0.00029802,PARTIAL_FILL,BUY
14073593,BTC-SBD,2018-01-24T13:10:33.073,29.80641898,0.0006014,0.01792558,FILL,BUY
14073592,BTC-SBD,2018-01-24T13:10:33.073,4.80558102,0.00060139,0.00289002,PARTIAL_FILL,BUY
14073576,BTC-SBD,2018-01-24T13:10:16.777,4.15703619,0.00060139,0.00249999,FILL,BUY
14073563,BTC-SBD,2018-01-24T13:10:12.98,6.651258,0.00060139,0.004,FILL,BUY
14073479,BTC-SBD,2018-01-24T13:09:30.93,1.80676246,0.00060139,0.00108656,FILL,BUY
14073455,BTC-SBD,2018-01-24T13:09:21.743,1.74344646,0.00060139,0.00104849,FILL,BUY
14073434,BTC-SBD,2018-01-24T13:09:08.727,12.67669167,0.00060139,0.00762363,FILL,BUY
14073423,BTC-SBD,2018-01-24T13:09:03.303,124.7782893,0.00059721,0.07451884,PARTIAL_FILL,SELL
14073422,BTC-SBD,2018-01-24T13:09:03.303,82.66764418,0.00059721,0.04936994,FILL,SELL
14073381,BTC-SBD,2018-01-24T13:08:32.74,8.81745566,0.00059721,0.00526587,PARTIAL_FILL,SELL
14073367,BTC-SBD,2018-01-24T13:08:16.113,8.81745566,0.00059999,0.00529038,PARTIAL_FILL,BUY
14073336,BTC-SBD,2018-01-24T13:07:49.58,4.93593652,0.00059721,0.00294779,PARTIAL_FILL,BUY
14073334,BTC-SBD,2018-01-24T13:07:49.58,91.48509984,0.00059721,0.05463581,FILL,BUY
14073332,BTC-SBD,2018-01-24T13:07:49.533,90.93442204,0.00059721,0.05430694,FILL,BUY
14073330,BTC-SBD,2018-01-24T13:07:49.457,91.48509984,0.00059721,0.05463581,FILL,BUY
14073328,BTC-SBD,2018-01-24T13:07:49.44,91.48509984,0.00059721,0.05463581,FILL,BUY
14073326,BTC-SBD,2018-01-24T13:07:49.44,91.48509984,0.00059721,0.05463581,FILL,BUY
14073324,BTC-SBD,2018-01-24T13:07:48.72,12.67732407,0.00059721,0.00757102,FILL,SELL
14073323,BTC-SBD,2018-01-24T13:07:48.72,12.67732407,0.00059721,0.00757102,FILL,SELL
14073282,BTC-SBD,2018-01-24T13:07:33.22,12.67732407,0.00059721,0.00757102,FILL,BUY
14073275,BTC-SBD,2018-01-24T13:07:25.75,30.85918536,0.00059999,0.0185152,FILL,SELL
14073274,BTC-SBD,2018-01-24T13:07:25.75,6.0,0.00059999,0.00359994,FILL,SELL
14073273,BTC-SBD,2018-01-24T13:07:25.75,54.4054428,0.0006,0.03264326,FILL,SELL
14073270,BTC-SBD,2018-01-24T13:07:23.127,12.67732407,0.00060137,0.00762376,FILL,BUY
14073260,BTC-SBD,2018-01-24T13:07:17.78,1.1595572,0.0006,0.00069573,PARTIAL_FILL,SELL
14073258,BTC-SBD,2018-01-24T13:07:16.843,19.127,0.0006,0.0114762,PARTIAL_FILL,SELL
14073221,BTC-SBD,2018-01-24T13:06:49.763,10.0,0.0006,0.006,PARTIAL_FILL,SELL
14073190,BTC-SBD,2018-01-24T13:06:25.607,1.66281448,0.00060139,0.001,FILL,BUY
14073155,BTC-SBD,2018-01-24T13:06:10.92,15.308,0.0006,0.0091848,PARTIAL_FILL,SELL
14073151,BTC-SBD,2018-01-24T13:06:08.107,2.32322515,0.00060139,0.00139716,FILL,BUY
14073075,BTC-SBD,2018-01-24T13:05:10.057,0.62544374,0.0006014,0.00037614,FILL,BUY
14073074,BTC-SBD,2018-01-24T13:05:10.057,16.00214808,0.00060139,0.00962353,PARTIAL_FILL,BUY
14073055,BTC-SBD,2018-01-24T13:04:50.617,5.74785192,0.00059587,0.00342497,PARTIAL_FILL,SELL
14073054,BTC-SBD,2018-01-24T13:04:50.617,16.00214808,0.0005959,0.00953568,FILL,SELL
14072992,BTC-SBD,2018-01-24T13:03:54.41,4.15675972,0.00060142,0.00249995,FILL,BUY
14072975,BTC-SBD,2018-01-24T13:03:37.52,21.14534296,0.00059589,0.01260029,PARTIAL_FILL,SELL
14072887,BTC-SBD,2018-01-24T13:02:20.36,32.08911796,0.00060145,0.01929999,FILL,BUY
14072870,BTC-SBD,2018-01-24T13:02:10.467,18.45539945,0.00060145,0.01109999,FILL,BUY
14072853,BTC-SBD,2018-01-24T13:01:55.373,5.15421065,0.00060145,0.00309999,FILL,BUY
14072847,BTC-SBD,2018-01-24T13:01:51.78,65.60692898,0.00060145,0.03945928,FILL,BUY
14072846,BTC-SBD,2018-01-24T13:01:51.78,5.38806057,0.00060145,0.00324064,PARTIAL_FILL,BUY
14072845,BTC-SBD,2018-01-24T13:01:51.78,32.9205479,0.00060145,0.01980006,PARTIAL_FILL,BUY
14072840,BTC-SBD,2018-01-24T13:01:47.31,13.30118879,0.00060145,0.00799999,FILL,BUY
14072838,BTC-SBD,2018-01-24T13:01:44.7,1.483,0.00059589,0.0008837,PARTIAL_FILL,SELL
14072831,BTC-SBD,2018-01-24T13:01:37.763,30.658,0.00059589,0.01826879,PARTIAL_FILL,SELL
14072802,BTC-SBD,2018-01-24T13:01:05.527,0.458472,0.00060145,0.00027574,FILL,SELL
