Id,Pair,TimeStamp,Quantity,Price,Total,FillType,OrderType
7492435,BTC-TIX,2018-01-25T15:08:45.093,9.58539771,0.0001204,0.00115408,PARTIAL_FILL,SELL
7492396,BTC-TIX,2018-01-25T15:07:11.763,120.90384383,0.00012101,0.01463057,FILL,BUY
7492395,BTC-TIX,2018-01-25T15:07:11.763,52.88766658,0.00012101,0.00639993,PARTIAL_FILL,BUY
7492394,BTC-TIX,2018-01-25T15:07:11.763,52.88766658,0.00012101,0.00639993,PARTIAL_FILL,BUY
7492393,BTC-TIX,2018-01-25T15:07:11.763,200.0,0.000121,0.0242,PARTIAL_FILL,BUY
7492392,BTC-TIX,2018-01-25T15:07:11.763,107.43418022,0.000121,0.01299953,PARTIAL_FILL,BUY
7492287,BTC-TIX,2018-01-25T15:04:18.687,295.74605668,0.0001204,0.03560782,PARTIAL_FILL,SELL
7492273,BTC-TIX,2018-01-25T15:04:00.61,58.42880614,0.000121,0.00706988,FILL,BUY
7492272,BTC-TIX,2018-01-25T15:04:00.61,165.86298636,0.000121,0.02006942,PARTIAL_FILL,BUY
7492271,BTC-TIX,2018-01-25T15:04:00.61,29.19368116,0.00012099,0.00353214,PARTIAL_FILL,BUY
7492270,BTC-TIX,2018-01-25T15:04:00.61,205.37060375,0.00012098,0.02484573,PARTIAL_FILL,BUY
7492269,BTC-TIX,2018-01-25T15:04:00.61,84.72472265,0.00012059,0.01021695,PARTIAL_FILL,BUY
7492029,BTC-TIX,2018-01-25T14:53:20.393,43.79225569,0.00012195,0.00534046,FILL,BUY
7491935,BTC-TIX,2018-01-25T14:51:39.14,335.14295008,0.00012029,0.04031434,PARTIAL_FILL,BUY
7491933,BTC-TIX,2018-01-25T14:51:37.797,523.08239222,0.00012029,0.06292158,FILL,SELL
7491925,BTC-TIX,2018-01-25T14:51:16.83,554.92057618,0.00012028,0.06674584,PARTIAL_FILL,BUY
7491923,BTC-TIX,2018-01-25T14:51:15,140.61258657,0.00012028,0.01691288,FILL,SELL
7491918,BTC-TIX,2018-01-25T14:51:01.937,25.25039979,0.00012028,0.00303711,PARTIAL_FILL,SELL
7491909,BTC-TIX,2018-01-25T14:50:54.953,29.19368116,0.00012023,0.00350995,PARTIAL_FILL,SELL
7491908,BTC-TIX,2018-01-25T14:50:54.953,165.86298636,0.00012028,0.01994999,FILL,SELL
7491907,BTC-TIX,2018-01-25T14:50:54.953,205.37060375,0.00012029,0.02470402,FILL,SELL
7491887,BTC-TIX,2018-01-25T14:50:41.453,858.2253423,0.000123,0.10556171,FILL,SELL
7491882,BTC-TIX,2018-01-25T14:50:38.377,8.53327228,0.00012284,0.00104822,PARTIAL_FILL,BUY
7491881,BTC-TIX,2018-01-25T14:50:38.377,128.2051282,0.0001227,0.01573076,PARTIAL_FILL,BUY
7491880,BTC-TIX,2018-01-25T14:50:38.377,5.03625722,0.00012263,0.00061759,PARTIAL_FILL,BUY
7491689,BTC-TIX,2018-01-25T14:49:17.36,47.14125157,0.00011958,0.00563715,PARTIAL_FILL,SELL
7491674,BTC-TIX,2018-01-25T14:49:11.64,5.15,0.00011955,0.00061568,PARTIAL_FILL,BUY
7491670,BTC-TIX,2018-01-25T14:49:07.267,10.219097,0.00011954,0.00122159,PARTIAL_FILL,SELL
7491658,BTC-TIX,2018-01-25T14:48:59.173,12.73658076,0.00011955,0.00152265,PARTIAL_FILL,BUY
7491654,BTC-TIX,2018-01-25T14:48:58.657,222.54868541,0.00011955,0.02660569,FILL,BUY
7491652,BTC-TIX,2018-01-25T14:48:58.61,222.54868541,0.00011955,0.02660569,FILL,BUY
7491650,BTC-TIX,2018-01-25T14:48:58.58,222.54868541,0.00011955,0.02660569,FILL,BUY
7491646,BTC-TIX,2018-01-25T14:48:58.11,5.03625723,0.00011952,0.00060193,PARTIAL_FILL,SELL
7491645,BTC-TIX,2018-01-25T14:48:58.11,500.0,0.00011955,0.059775,FILL,SELL
7491644,BTC-TIX,2018-01-25T14:48:58.017,12.262917,0.00012232,0.0015,FILL,SELL
7491643,BTC-TIX,2018-01-25T14:48:58.017,163.08346277,0.00012232,0.01994836,FILL,SELL
7491640,BTC-TIX,2018-01-25T14:48:56.83,154.34349769,0.00012233,0.01888084,FILL,SELL
7491639,BTC-TIX,2018-01-25T14:48:56.813,175.34637977,0.00012233,0.02145012,PARTIAL_FILL,SELL
7491637,BTC-TIX,2018-01-25T14:48:56.407,175.34637977,0.00012233,0.02145012,PARTIAL_FILL,SELL
7491636,BTC-TIX,2018-01-25T14:48:55.377,128.617363,0.00012233,0.01573376,PARTIAL_FILL,SELL
7491635,BTC-TIX,2018-01-25T14:48:55.25,175.34637977,0.00012233,0.02145012,PARTIAL_FILL,SELL
7491628,BTC-TIX,2018-01-25T14:48:53.25,245.68043723,0.00012232,0.03005163,PARTIAL_FILL,SELL
7491627,BTC-TIX,2018-01-25T14:48:53.25,105.12979,0.00012232,0.01285947,FILL,SELL
7491626,BTC-TIX,2018-01-25T14:48:53.25,175.27337941,0.00012232,0.02143943,FILL,SELL
7491625,BTC-TIX,2018-01-25T14:48:53.25,163.08346276,0.00012233,0.01994999,FILL,SELL
7491618,BTC-TIX,2018-01-25T14:48:51.487,86.33551059,0.00012232,0.01056055,PARTIAL_FILL,BUY
7491616,BTC-TIX,2018-01-25T14:48:51.39,276.21515,0.00012232,0.03378663,FILL,BUY
7491614,BTC-TIX,2018-01-25T14:48:51.267,8.9928058,0.00012232,0.0011,FILL,BUY
7491611,BTC-TIX,2018-01-25T14:48:51.14,42.180081,0.00012232,0.00515946,FILL,BUY
7491608,BTC-TIX,2018-01-25T14:48:50.86,8.9928058,0.00012232,0.0011,FILL,BUY
7491606,BTC-TIX,2018-01-25T14:48:50.75,107.50422,0.00012232,0.01314991,FILL,BUY
7491603,BTC-TIX,2018-01-25T14:48:50.5,9.8103336,0.00012232,0.0012,FILL,BUY
7491601,BTC-TIX,2018-01-25T14:48:50.297,8.9928058,0.00012232,0.0011,FILL,BUY
7491599,BTC-TIX,2018-01-25T14:48:50.25,8.9928058,0.00012232,0.0011,FILL,BUY
7491596,BTC-TIX,2018-01-25T14:48:49.173,40.87304831,0.00012232,0.00499959,FILL,BUY
7491593,BTC-TIX,2018-01-25T14:48:49.093,81.75278,0.00012232,0.01,FILL,BUY
7491591,BTC-TIX,2018-01-25T14:48:49.033,8.9928058,0.00012232,0.0011,FILL,BUY
7491588,BTC-TIX,2018-01-25T14:48:48.533,10.219097,0.00012232,0.00124999,FILL,BUY
7491492,BTC-TIX,2018-01-25T14:48:26.297,2103.36652783,0.000125,0.26292081,FILL,BUY
7491491,BTC-TIX,2018-01-25T14:48:26.297,1000.0,0.00012499,0.12499,PARTIAL_FILL,BUY
7491490,BTC-TIX,2018-01-25T14:48:26.297,200.0,0.00012467,0.024934,PARTIAL_FILL,BUY
7491489,BTC-TIX,2018-01-25T14:48:26.297,81.15565654,0.00012467,0.01011767,PARTIAL_FILL,BUY
7491488,BTC-TIX,2018-01-25T14:48:26.297,36.97026726,0.00012467,0.00460908,PARTIAL_FILL,BUY
7491487,BTC-TIX,2018-01-25T14:48:26.297,549.3279984,0.00012465,0.06847373,PARTIAL_FILL,BUY
7491486,BTC-TIX,2018-01-25T14:48:26.297,50.0,0.00012408,0.006204,PARTIAL_FILL,BUY
7491485,BTC-TIX,2018-01-25T14:48:26.297,16.35779576,0.00012408,0.00202967,PARTIAL_FILL,BUY
7491484,BTC-TIX,2018-01-25T14:48:26.297,43.79225569,0.000124,0.00543023,PARTIAL_FILL,BUY
7491483,BTC-TIX,2018-01-25T14:48:26.297,17.16173448,0.00012378,0.00212427,PARTIAL_FILL,BUY
7491482,BTC-TIX,2018-01-25T14:48:26.297,200.0,0.000123,0.0246,PARTIAL_FILL,BUY
7491481,BTC-TIX,2018-01-25T14:48:26.297,167.97807498,0.00012279,0.02062602,PARTIAL_FILL,BUY
7491480,BTC-TIX,2018-01-25T14:48:26.297,33.88968906,0.00012233,0.00414572,PARTIAL_FILL,BUY
7491397,BTC-TIX,2018-01-25T14:48:00.157,989.93031756,0.00012279,0.12155354,FILL,BUY
7491396,BTC-TIX,2018-01-25T14:48:00.157,76.24749421,0.00012277,0.0093609,PARTIAL_FILL,BUY
7491395,BTC-TIX,2018-01-25T14:48:00.157,49.52720813,0.00012277,0.00608045,PARTIAL_FILL,BUY
7491394,BTC-TIX,2018-01-25T14:48:00.14,16.45099751,0.00012249,0.00201508,PARTIAL_FILL,BUY
7491393,BTC-TIX,2018-01-25T14:48:00.14,197.93576849,0.00012248,0.02424317,PARTIAL_FILL,BUY
7491392,BTC-TIX,2018-01-25T14:48:00.14,8.0,0.00012243,0.00097944,PARTIAL_FILL,BUY
7491391,BTC-TIX,2018-01-25T14:48:00.14,50.8345336,0.00012243,0.00622367,PARTIAL_FILL,BUY
7491390,BTC-TIX,2018-01-25T14:48:00.14,16.94484453,0.00012233,0.00207286,PARTIAL_FILL,BUY
7491389,BTC-TIX,2018-01-25T14:48:00.14,94.12883597,0.00012229,0.01151101,PARTIAL_FILL,BUY
7491336,BTC-TIX,2018-01-25T14:47:46.813,34.01466073,0.0001223,0.00415999,FILL,BUY
7491335,BTC-TIX,2018-01-25T14:47:46.813,51.43,0.00012191,0.00626983,PARTIAL_FILL,BUY
7491334,BTC-TIX,2018-01-25T14:47:46.813,209.54091385,0.00012081,0.02531463,PARTIAL_FILL,BUY
7491333,BTC-TIX,2018-01-25T14:47:46.813,251.00063946,0.00012073,0.0303033,PARTIAL_FILL,BUY
7491332,BTC-TIX,2018-01-25T14:47:46.813,30.41430046,0.00012038,0.00366127,PARTIAL_FILL,BUY
7491331,BTC-TIX,2018-01-25T14:47:46.813,50.0,0.00012037,0.0060185,PARTIAL_FILL,BUY
7491330,BTC-TIX,2018-01-25T14:47:46.813,57.4707436,0.00012037,0.00691775,PARTIAL_FILL,BUY
7491329,BTC-TIX,2018-01-25T14:47:46.813,200.0,0.00012021,0.024042,PARTIAL_FILL,BUY
7491328,BTC-TIX,2018-01-25T14:47:46.813,43.79225569,0.00012,0.00525507,PARTIAL_FILL,BUY
7491327,BTC-TIX,2018-01-25T14:47:46.813,72.33648621,0.00011988,0.00867169,PARTIAL_FILL,BUY
7491302,BTC-TIX,2018-01-25T14:46:58.737,30.0,0.00011922,0.0035766,PARTIAL_FILL,SELL
7491188,BTC-TIX,2018-01-25T14:43:56.157,5.47647,0.00011921,0.00065284,PARTIAL_FILL,SELL
7491076,BTC-TIX,2018-01-25T14:39:00.28,77.9595553,0.00011921,0.00929355,PARTIAL_FILL,BUY
7491074,BTC-TIX,2018-01-25T14:38:59.45,49.03036059,0.00011921,0.0058449,FILL,BUY
7491072,BTC-TIX,2018-01-25T14:38:59.437,98.06072399,0.00011921,0.01168981,FILL,BUY
7491070,BTC-TIX,2018-01-25T14:38:59.2,98.06072399,0.00011921,0.01168981,FILL,BUY
7491068,BTC-TIX,2018-01-25T14:38:59.187,98.06072399,0.00011921,0.01168981,FILL,BUY
7491003,BTC-TIX,2018-01-25T14:37:16.227,10.46846375,0.000119,0.00124574,PARTIAL_FILL,SELL
7490981,BTC-TIX,2018-01-25T14:36:57.087,194.06002026,0.00011921,0.02313389,FILL,SELL
7490927,BTC-TIX,2018-01-25T14:35:14.943,12.00396204,0.00011921,0.00143099,PARTIAL_FILL,SELL
7490924,BTC-TIX,2018-01-25T14:35:10.363,30.45097896,0.00011921,0.00363006,PARTIAL_FILL,BUY
7490923,BTC-TIX,2018-01-25T14:35:10.363,169.41236413,0.00011921,0.02019564,PARTIAL_FILL,BUY
7490922,BTC-TIX,2018-01-25T14:35:10.363,63.09389724,0.00011921,0.00752142,PARTIAL_FILL,BUY
7490874,BTC-TIX,2018-01-25T14:34:10.237,106.31846689,0.00011921,0.01267422,FILL,BUY
7490801,BTC-TIX,2018-01-25T14:29:51.503,81.22157244,0.000119,0.00966536,PARTIAL_FILL,SELL
7490525,BTC-TIX,2018-01-25T14:25:02.497,64.326747,0.00011774,0.00757383,PARTIAL_FILL,SELL
7490515,BTC-TIX,2018-01-25T14:24:56.48,169.41236413,0.00011776,0.01994999,FILL,SELL
7490507,BTC-TIX,2018-01-25T14:24:47.653,169.41236413,0.00011776,0.01994999,FILL,SELL
7490499,BTC-TIX,2018-01-25T14:24:37.18,124.69991598,0.00011999,0.01496274,FILL,SELL
7490412,BTC-TIX,2018-01-25T14:22:22.453,25.30008402,0.00011999,0.00303575,PARTIAL_FILL,BUY
7489901,BTC-TIX,2018-01-25T14:15:58.763,25.30008403,0.00011771,0.00297807,PARTIAL_FILL,SELL
7489867,BTC-TIX,2018-01-25T14:15:43.763,584.80479257,0.00011766,0.06880813,PARTIAL_FILL,SELL
7489822,BTC-TIX,2018-01-25T14:15:14.967,94.12883597,0.00011761,0.01107049,PARTIAL_FILL,SELL
7489821,BTC-TIX,2018-01-25T14:15:14.967,72.33648621,0.00011859,0.00857838,FILL,SELL
7489820,BTC-TIX,2018-01-25T14:15:14.967,1280.99996224,0.00012022,0.15400181,FILL,SELL
7489819,BTC-TIX,2018-01-25T14:15:14.967,14.91852437,0.00012022,0.0017935,FILL,SELL
7489818,BTC-TIX,2018-01-25T14:15:14.967,173.80201242,0.00012022,0.02089447,FILL,SELL
7489817,BTC-TIX,2018-01-25T14:15:13.153,166.46532218,0.00012022,0.02001246,PARTIAL_FILL,SELL
7489798,BTC-TIX,2018-01-25T14:14:30.637,93.97957228,0.00012022,0.01129822,PARTIAL_FILL,SELL
7489648,BTC-TIX,2018-01-25T14:10:40.96,167.07775145,0.00012022,0.02008608,PARTIAL_FILL,SELL
7489644,BTC-TIX,2018-01-25T14:10:26.257,836.61353765,0.00012022,0.10057767,PARTIAL_FILL,SELL
7489634,BTC-TIX,2018-01-25T14:10:16.93,167.06485467,0.00012022,0.02008453,PARTIAL_FILL,SELL
7489632,BTC-TIX,2018-01-25T14:10:11.04,167.06485467,0.00012022,0.02008453,PARTIAL_FILL,SELL
7489589,BTC-TIX,2018-01-25T14:08:55.333,72.46170229,0.00012022,0.00871134,PARTIAL_FILL,SELL
7489573,BTC-TIX,2018-01-25T14:08:33.067,68.47698567,0.00012022,0.0082323,PARTIAL_FILL,BUY
7489572,BTC-TIX,2018-01-25T14:08:33.067,74.76738131,0.00012021,0.00898778,PARTIAL_FILL,BUY
7489514,BTC-TIX,2018-01-25T14:07:24.453,200.0,0.00012022,0.024044,FILL,BUY
7489077,BTC-TIX,2018-01-25T14:03:01.913,142.5292564,0.00012037,0.01715624,FILL,BUY
7489076,BTC-TIX,2018-01-25T14:03:01.913,82.00936054,0.00012026,0.00986244,PARTIAL_FILL,BUY
7489054,BTC-TIX,2018-01-25T14:02:58.743,2977.73391752,0.000117,0.34839486,PARTIAL_FILL,BUY
7489052,BTC-TIX,2018-01-25T14:02:58.727,835.88730253,0.000117,0.09779881,FILL,BUY
7489050,BTC-TIX,2018-01-25T14:02:58.71,1223.017,0.000117,0.14309298,FILL,BUY
7489048,BTC-TIX,2018-01-25T14:02:58.697,1261.79270907,0.000117,0.14762974,FILL,BUY
7489046,BTC-TIX,2018-01-25T14:02:58.163,8.54591291,0.00011701,0.00099995,FILL,SELL
7489045,BTC-TIX,2018-01-25T14:02:58.163,154.88711092,0.00011722,0.01815586,FILL,SELL
7489044,BTC-TIX,2018-01-25T14:02:58.163,16.92542632,0.00011787,0.001995,FILL,SELL
7489043,BTC-TIX,2018-01-25T14:02:58.163,72.46170229,0.00011838,0.00857801,FILL,SELL
7489042,BTC-TIX,2018-01-25T14:02:58.163,662.01386299,0.00011843,0.0784023,FILL,SELL
7489041,BTC-TIX,2018-01-25T14:02:58.163,619.2993378,0.00011869,0.07350463,FILL,SELL
7489040,BTC-TIX,2018-01-25T14:02:58.163,6.82735972,0.0001187,0.0008104,FILL,SELL
7489039,BTC-TIX,2018-01-25T14:02:58.163,632.66543284,0.0001187,0.07509738,FILL,SELL
7489000,BTC-TIX,2018-01-25T14:02:31.29,439.25073293,0.0001187,0.05213906,PARTIAL_FILL,SELL
7488780,BTC-TIX,2018-01-25T13:57:58.57,100.0,0.00011869,0.011869,PARTIAL_FILL,SELL
7488442,BTC-TIX,2018-01-25T13:49:04.58,82.00936054,0.00011868,0.00973287,PARTIAL_FILL,SELL
7488337,BTC-TIX,2018-01-25T13:47:20.89,613.92840287,0.00012011,0.07373894,PARTIAL_FILL,BUY
7488335,BTC-TIX,2018-01-25T13:47:20.86,294.8027801,0.00012011,0.03540876,FILL,BUY
7488334,BTC-TIX,2018-01-25T13:47:20.86,155.3358952,0.00012011,0.01865739,PARTIAL_FILL,BUY
7488333,BTC-TIX,2018-01-25T13:47:20.86,73.75334035,0.0001201,0.00885777,PARTIAL_FILL,BUY
7488331,BTC-TIX,2018-01-25T13:47:20.86,111.30624761,0.0001201,0.01336788,FILL,BUY
7488330,BTC-TIX,2018-01-25T13:47:20.86,884.09809841,0.00012009,0.10617134,PARTIAL_FILL,BUY
7488287,BTC-TIX,2018-01-25T13:46:38.453,93.37630112,0.0001201,0.01121449,FILL,BUY
7488065,BTC-TIX,2018-01-25T13:42:56.36,44.726704,0.0001201,0.00537167,FILL,BUY
7487852,BTC-TIX,2018-01-25T13:38:42.56,66.09,0.00012011,0.00793806,FILL,SELL
7487805,BTC-TIX,2018-01-25T13:37:17.54,133.92525549,0.0001203,0.0161112,FILL,SELL
7487767,BTC-TIX,2018-01-25T13:36:23.447,1099.29888654,0.0001203,0.13224565,PARTIAL_FILL,SELL
7487766,BTC-TIX,2018-01-25T13:36:23.447,19.61495858,0.0001203,0.00235967,FILL,SELL
7487695,BTC-TIX,2018-01-25T13:35:19.26,147.84449141,0.0001203,0.01778569,PARTIAL_FILL,SELL
7487629,BTC-TIX,2018-01-25T13:33:38.413,20.62054808,0.00012036,0.00248188,FILL,SELL
7487593,BTC-TIX,2018-01-25T13:32:23.273,11.51859144,0.00012036,0.00138637,PARTIAL_FILL,BUY
7487487,BTC-TIX,2018-01-25T13:30:05.44,61.49487672,0.00012036,0.00740152,FILL,BUY
7487486,BTC-TIX,2018-01-25T13:30:05.44,25.79810717,0.00012036,0.00310506,PARTIAL_FILL,BUY
7487439,BTC-TIX,2018-01-25T13:29:05.253,16.57527418,0.00012036,0.001995,FILL,BUY
7487388,BTC-TIX,2018-01-25T13:28:06.05,82.00936054,0.00012073,0.00990099,FILL,BUY
7487371,BTC-TIX,2018-01-25T13:27:41.267,271.2998713,0.0001203,0.03263737,PARTIAL_FILL,SELL
7487370,BTC-TIX,2018-01-25T13:27:41.267,128.7001287,0.0001203,0.01548262,FILL,SELL
7487353,BTC-TIX,2018-01-25T13:27:06.61,27.39016885,0.00012035,0.0032964,PARTIAL_FILL,BUY
7487352,BTC-TIX,2018-01-25T13:27:06.61,60.77709818,0.00012035,0.00731452,PARTIAL_FILL,BUY
7487350,BTC-TIX,2018-01-25T13:27:06.487,112.15422495,0.00012035,0.01349776,FILL,BUY
7487349,BTC-TIX,2018-01-25T13:27:06.487,172.37283203,0.00012035,0.02074507,PARTIAL_FILL,BUY
7487348,BTC-TIX,2018-01-25T13:27:06.487,14.9450893,0.00012035,0.00179864,PARTIAL_FILL,BUY
7487347,BTC-TIX,2018-01-25T13:27:06.487,25.14138135,0.00012035,0.00302576,PARTIAL_FILL,BUY
7487346,BTC-TIX,2018-01-25T13:27:06.487,8.43312532,0.00012035,0.00101492,PARTIAL_FILL,BUY
7487345,BTC-TIX,2018-01-25T13:27:06.487,83.08335951,0.0001203,0.00999492,PARTIAL_FILL,BUY
7487343,BTC-TIX,2018-01-25T13:27:06.453,355.67596178,0.0001203,0.04278781,FILL,BUY
7487339,BTC-TIX,2018-01-25T13:27:05.237,1077.13431534,0.0001203,0.12957925,FILL,BUY
7487338,BTC-TIX,2018-01-25T13:27:05.237,90.0,0.00012029,0.0108261,PARTIAL_FILL,BUY
7487337,BTC-TIX,2018-01-25T13:27:05.237,66.08982669,0.00012011,0.00793804,PARTIAL_FILL,BUY
7487335,BTC-TIX,2018-01-25T13:27:00.767,61.4800961,0.00012011,0.00738437,FILL,BUY
7487334,BTC-TIX,2018-01-25T13:27:00.767,67.38588328,0.0001201,0.00809304,PARTIAL_FILL,BUY
7487327,BTC-TIX,2018-01-25T13:26:54.203,17.24137931,0.00011989,0.00206706,FILL,BUY
7487326,BTC-TIX,2018-01-25T13:26:54.203,63.25276836,0.00011989,0.00758337,PARTIAL_FILL,BUY
7487155,BTC-TIX,2018-01-25T13:20:02.517,72.43461274,0.00011984,0.00868056,PARTIAL_FILL,BUY
7487154,BTC-TIX,2018-01-25T13:20:02.517,13.91089289,0.00011959,0.0016636,PARTIAL_FILL,BUY
7487152,BTC-TIX,2018-01-25T13:20:00.673,129.11555842,0.00011959,0.01544092,FILL,BUY
7487147,BTC-TIX,2018-01-25T13:19:23,65.934615,0.00011843,0.00780863,PARTIAL_FILL,SELL
7487143,BTC-TIX,2018-01-25T13:18:54.86,129.03225806,0.00011959,0.01543096,FILL,BUY
7487139,BTC-TIX,2018-01-25T13:18:49.283,129.03225806,0.00011959,0.01543096,FILL,BUY
7487132,BTC-TIX,2018-01-25T13:18:47.063,9.68356578,0.00011808,0.00114343,PARTIAL_FILL,SELL
7487131,BTC-TIX,2018-01-25T13:18:47.047,478.36066335,0.00011808,0.05648482,FILL,SELL
7487130,BTC-TIX,2018-01-25T13:18:46.737,9.68356578,0.00011808,0.00114343,PARTIAL_FILL,SELL
7487123,BTC-TIX,2018-01-25T13:18:46.047,100.0,0.000118,0.0118,FILL,SELL
7487122,BTC-TIX,2018-01-25T13:18:46.047,162.87165265,0.0001181,0.01923514,FILL,SELL
7487121,BTC-TIX,2018-01-25T13:18:46.047,25.30008403,0.000119,0.0030107,FILL,SELL
7487120,BTC-TIX,2018-01-25T13:18:46.047,97.52600468,0.000119,0.01160559,FILL,SELL
7487119,BTC-TIX,2018-01-25T13:18:46.047,227.64962211,0.000119,0.0270903,FILL,SELL
7487006,BTC-TIX,2018-01-25T13:11:57.61,97.52600468,0.000119,0.01160559,FILL,BUY
7487003,BTC-TIX,2018-01-25T13:11:54.253,130.12361743,0.000119,0.01548471,FILL,BUY
7486963,BTC-TIX,2018-01-25T13:09:34.447,6.47834735,0.0001181,0.00076509,PARTIAL_FILL,SELL
7486962,BTC-TIX,2018-01-25T13:09:34.447,110.81939489,0.0001181,0.01308777,FILL,SELL
7486946,BTC-TIX,2018-01-25T13:09:10.023,17.01933715,0.0001181,0.00200998,PARTIAL_FILL,SELL
7486927,BTC-TIX,2018-01-25T13:08:30.71,15.0,0.000119,0.001785,FILL,BUY
7486896,BTC-TIX,2018-01-25T13:07:12.833,38.33906299,0.000119,0.00456234,FILL,BUY
7486895,BTC-TIX,2018-01-25T13:07:12.833,61.66093701,0.00011899,0.00733703,PARTIAL_FILL,BUY
7486882,BTC-TIX,2018-01-25T13:06:52.567,27.12638382,0.000119,0.00322803,FILL,BUY
7486737,BTC-TIX,2018-01-25T12:59:14.13,9.91003744,0.0001181,0.00117037,PARTIAL_FILL,SELL
7486728,BTC-TIX,2018-01-25T12:58:41.767,90.0,0.00011809,0.0106281,PARTIAL_FILL,SELL
7486684,BTC-TIX,2018-01-25T12:57:11.01,202.05923606,0.00011808,0.02385915,PARTIAL_FILL,BUY
7486682,BTC-TIX,2018-01-25T12:57:10.903,844.68157182,0.00011808,0.09974,FILL,BUY
7486679,BTC-TIX,2018-01-25T12:57:09.37,317.75306404,0.00011808,0.03752028,FILL,SELL
7486678,BTC-TIX,2018-01-25T12:57:09.37,317.75306404,0.00011808,0.03752028,FILL,SELL
7486677,BTC-TIX,2018-01-25T12:57:09.37,317.75306404,0.00011808,0.03752028,FILL,SELL
7486656,BTC-TIX,2018-01-25T12:56:56.573,317.75306404,0.00011808,0.03752028,FILL,BUY
7486539,BTC-TIX,2018-01-25T12:54:02.53,150.23409945,0.00011957,0.01796349,FILL,SELL
7486487,BTC-TIX,2018-01-25T12:52:20.54,34.12914815,0.00011957,0.00408082,PARTIAL_FILL,BUY
7485975,BTC-TIX,2018-01-25T12:37:29.313,20.95355356,0.00011957,0.00250541,FILL,BUY
7485931,BTC-TIX,2018-01-25T12:35:36.59,1872.17019217,0.00011958,0.22387411,FILL,BUY
7485930,BTC-TIX,2018-01-25T12:35:36.59,931.75676915,0.00011957,0.11141015,PARTIAL_FILL,BUY
7485920,BTC-TIX,2018-01-25T12:35:14.967,273.4286234,0.00011957,0.03269386,FILL,BUY
7485909,BTC-TIX,2018-01-25T12:34:55.31,129.70168612,0.00011957,0.01550843,FILL,BUY
7485866,BTC-TIX,2018-01-25T12:33:26.26,834.18466404,0.00011957,0.09974346,FILL,BUY
7485863,BTC-TIX,2018-01-25T12:33:25.963,727.38811675,0.00011956,0.08696652,FILL,BUY
7485862,BTC-TIX,2018-01-25T12:33:25.963,20.92118652,0.00011956,0.00250133,PARTIAL_FILL,BUY
7485651,BTC-TIX,2018-01-25T12:27:28.583,746.51345213,0.00011917,0.088962,FILL,BUY
7485615,BTC-TIX,2018-01-25T12:26:29.8,49.384,0.00011914,0.0058836,FILL,SELL
7485614,BTC-TIX,2018-01-25T12:26:29.8,49.38381869,0.00011914,0.00588358,FILL,SELL
7485537,BTC-TIX,2018-01-25T12:24:37.25,128.45215157,0.00011989,0.01540012,FILL,BUY
7485535,BTC-TIX,2018-01-25T12:24:36.58,128.45215157,0.00011989,0.01540012,FILL,BUY
7485525,BTC-TIX,2018-01-25T12:24:31.36,49.38381869,0.00011914,0.00588358,FILL,BUY
7485522,BTC-TIX,2018-01-25T12:24:11.83,31.19669947,0.00011914,0.00371677,FILL,SELL
7485484,BTC-TIX,2018-01-25T12:22:59.22,128.45215157,0.00011989,0.01540012,FILL,BUY
7485476,BTC-TIX,2018-01-25T12:22:57.203,22.30707276,0.00011916,0.00265811,PARTIAL_FILL,BUY
7485474,BTC-TIX,2018-01-25T12:22:57.063,12.13681163,0.00011916,0.00144622,FILL,BUY
7485473,BTC-TIX,2018-01-25T12:22:57.063,5.0,0.00011914,0.0005957,PARTIAL_FILL,BUY
7485472,BTC-TIX,2018-01-25T12:22:57.063,102.70148142,0.00011914,0.01223585,PARTIAL_FILL,BUY
7485263,BTC-TIX,2018-01-25T12:16:30.687,317.75306404,0.00011914,0.0378571,FILL,BUY
7485215,BTC-TIX,2018-01-25T12:15:20.527,92.6724275,0.00011911,0.01103821,FILL,BUY
7485198,BTC-TIX,2018-01-25T12:14:58.23,146.66110849,0.00011839,0.0173632,PARTIAL_FILL,SELL
7485197,BTC-TIX,2018-01-25T12:14:58.23,182.54629102,0.00011839,0.02161165,FILL,SELL
7485196,BTC-TIX,2018-01-25T12:14:58.23,182.54629102,0.00011839,0.02161165,FILL,SELL
7485154,BTC-TIX,2018-01-25T12:13:06.87,437.43768711,0.00011911,0.0521032,FILL,BUY
7485153,BTC-TIX,2018-01-25T12:13:06.87,400.0,0.00011909,0.047636,PARTIAL_FILL,BUY
7485112,BTC-TIX,2018-01-25T12:11:50.497,151.11816619,0.00011911,0.01799968,FILL,BUY
7485110,BTC-TIX,2018-01-25T12:11:50.48,151.11816619,0.00011911,0.01799968,FILL,BUY
7484990,BTC-TIX,2018-01-25T12:08:39.93,182.54629102,0.00011839,0.02161165,FILL,BUY
7484987,BTC-TIX,2018-01-25T12:08:38.87,72.43416001,0.00011839,0.00857548,FILL,SELL
7484986,BTC-TIX,2018-01-25T12:08:38.87,72.43416001,0.00011839,0.00857548,FILL,SELL
7484904,BTC-TIX,2018-01-25T12:05:02.443,72.43416001,0.00011839,0.00857548,FILL,BUY
7484900,BTC-TIX,2018-01-25T12:05:00.943,72.43461274,0.00011843,0.00857843,FILL,SELL
7484851,BTC-TIX,2018-01-25T12:03:54.977,965.55611561,0.00011916,0.11505566,FILL,SELL
7484818,BTC-TIX,2018-01-25T12:02:11.1,185.05958796,0.00011946,0.02210721,FILL,BUY
7484656,BTC-TIX,2018-01-25T11:56:47.427,5.0,0.00011989,0.00059945,FILL,BUY
7484613,BTC-TIX,2018-01-25T11:54:33.8,6.86423069,0.00011989,0.00082295,FILL,BUY
7484579,BTC-TIX,2018-01-25T11:52:57.173,166.51,0.00011989,0.01996288,FILL,BUY
7484561,BTC-TIX,2018-01-25T11:52:18.75,10.0,0.00011989,0.0011989,FILL,BUY
7484254,BTC-TIX,2018-01-25T11:40:58.29,100.0,0.00012011,0.012011,FILL,BUY
7484118,BTC-TIX,2018-01-25T11:34:19.623,32.43357448,0.00012002,0.00389267,PARTIAL_FILL,BUY
7484116,BTC-TIX,2018-01-25T11:34:13.7,25.7201646,0.00011916,0.00306481,PARTIAL_FILL,SELL
7484115,BTC-TIX,2018-01-25T11:34:13.53,8.72371979,0.00011916,0.00103951,PARTIAL_FILL,SELL
7484050,BTC-TIX,2018-01-25T11:27:45.147,51.24055482,0.00012,0.00614886,PARTIAL_FILL,BUY
7483921,BTC-TIX,2018-01-25T11:21:32.097,82.05458218,0.00011939,0.00979649,PARTIAL_FILL,BUY
7483862,BTC-TIX,2018-01-25T11:20:00.39,124.16893852,0.00011939,0.01482452,FILL,BUY
7483861,BTC-TIX,2018-01-25T11:20:00.39,4.69704086,0.00011939,0.00056077,PARTIAL_FILL,BUY
7483784,BTC-TIX,2018-01-25T11:15:35.03,16.92763436,0.00011916,0.00201709,PARTIAL_FILL,SELL
7483769,BTC-TIX,2018-01-25T11:14:42.53,16.92763436,0.00011916,0.00201709,PARTIAL_FILL,SELL
7483768,BTC-TIX,2018-01-25T11:14:33.37,8.46883468,0.00011916,0.00100914,PARTIAL_FILL,SELL
7483767,BTC-TIX,2018-01-25T11:14:33.357,8.46381718,0.00011916,0.00100854,PARTIAL_FILL,SELL
7483758,BTC-TIX,2018-01-25T11:14:09.683,19.94457142,0.00011916,0.00237659,PARTIAL_FILL,BUY
7483757,BTC-TIX,2018-01-25T11:14:09.683,150.0,0.00011916,0.017874,PARTIAL_FILL,BUY
7483756,BTC-TIX,2018-01-25T11:14:09.683,8.4645336,0.00011916,0.00100863,PARTIAL_FILL,BUY
7483755,BTC-TIX,2018-01-25T11:14:09.683,0.24958111,0.00011916,2.974e-05,PARTIAL_FILL,BUY
7483747,BTC-TIX,2018-01-25T11:14:03.48,928.89395257,0.00011915,0.11067771,FILL,BUY
7483546,BTC-TIX,2018-01-25T10:57:52.753,8.21925357,0.00011916,0.0009794,FILL,SELL
7483541,BTC-TIX,2018-01-25T10:57:48.02,52.68270435,0.00011916,0.00627767,PARTIAL_FILL,BUY
7483506,BTC-TIX,2018-01-25T10:55:58.767,20.22515798,0.00011916,0.00241002,FILL,BUY
7483378,BTC-TIX,2018-01-25T10:51:07.197,99.38285375,0.00011831,0.01175798,FILL,BUY
7483314,BTC-TIX,2018-01-25T10:48:16.233,750.0,0.00011831,0.0887325,FILL,SELL
7483100,BTC-TIX,2018-01-25T10:37:09.83,1369.97613767,0.00011722,0.1605886,PARTIAL_FILL,SELL
7483099,BTC-TIX,2018-01-25T10:37:09.83,72.90786233,0.00011766,0.00857833,FILL,SELL
7483098,BTC-TIX,2018-01-25T10:37:09.83,57.116,0.00011831,0.00675739,FILL,SELL
7482892,BTC-TIX,2018-01-25T10:27:53.38,1003.15921796,0.00011831,0.11868376,FILL,BUY
7482891,BTC-TIX,2018-01-25T10:27:53.38,57.11624804,0.00011829,0.00675628,PARTIAL_FILL,BUY
7482866,BTC-TIX,2018-01-25T10:26:46.47,421.52900372,0.00011827,0.04985423,FILL,BUY
7482842,BTC-TIX,2018-01-25T10:24:28.527,373.64746003,0.00011832,0.04420996,FILL,SELL
7482774,BTC-TIX,2018-01-25T10:18:44.453,61.64475066,0.00011831,0.00729319,PARTIAL_FILL,BUY
7482772,BTC-TIX,2018-01-25T10:18:44,146.44960143,0.00011831,0.01732645,FILL,SELL
7482771,BTC-TIX,2018-01-25T10:18:44,114.10700701,0.00011831,0.01349999,FILL,SELL
7482770,BTC-TIX,2018-01-25T10:18:44,114.10700701,0.00011831,0.01349999,FILL,SELL
7482769,BTC-TIX,2018-01-25T10:18:44,86.22251731,0.00011831,0.01020098,FILL,SELL
7482753,BTC-TIX,2018-01-25T10:15:43.17,5.05348269,0.00011831,0.00059787,PARTIAL_FILL,SELL
7482644,BTC-TIX,2018-01-25T10:07:58.37,1325.89463267,0.00011917,0.15800686,FILL,BUY
7482606,BTC-TIX,2018-01-25T10:06:27.933,185.70038047,0.0001188,0.0220612,PARTIAL_FILL,BUY
7482604,BTC-TIX,2018-01-25T10:06:27.92,221.90336249,0.0001188,0.02636211,FILL,BUY
7482602,BTC-TIX,2018-01-25T10:06:27.92,221.90336249,0.0001188,0.02636211,FILL,BUY
7482600,BTC-TIX,2018-01-25T10:06:27.903,43.79225569,0.0001188,0.00520251,FILL,BUY
7482598,BTC-TIX,2018-01-25T10:06:27.887,221.90336249,0.0001188,0.02636211,FILL,BUY
7482596,BTC-TIX,2018-01-25T10:06:27.463,43.79225569,0.0001188,0.00520251,FILL,SELL
7482595,BTC-TIX,2018-01-25T10:06:27.277,43.79225569,0.00011939,0.00522835,FILL,BUY
7482495,BTC-TIX,2018-01-25T10:01:04.333,400.45383504,0.00011989,0.04801041,FILL,BUY
7482184,BTC-TIX,2018-01-25T09:42:03.78,77.81962756,0.00011987,0.00932823,FILL,BUY
7482163,BTC-TIX,2018-01-25T09:41:11.403,89.8509652,0.00011875,0.0106698,PARTIAL_FILL,BUY
7482161,BTC-TIX,2018-01-25T09:41:11.373,245.12679351,0.00011875,0.0291088,FILL,BUY
7482159,BTC-TIX,2018-01-25T09:41:10.497,1034.57541409,0.00011875,0.12285583,FILL,SELL
7482158,BTC-TIX,2018-01-25T09:41:10.497,1120.0,0.00011875,0.133,FILL,SELL
7482157,BTC-TIX,2018-01-25T09:41:10.497,16.35779576,0.00011876,0.00194265,FILL,SELL
7481925,BTC-TIX,2018-01-25T09:24:17.653,140.0,0.00011875,0.016625,PARTIAL_FILL,SELL
7481909,BTC-TIX,2018-01-25T09:22:53.213,33.77755359,0.00011873,0.0040104,FILL,BUY
7481866,BTC-TIX,2018-01-25T09:20:15.137,5.05348269,0.00011873,0.00059999,FILL,BUY
7481447,BTC-TIX,2018-01-25T09:10:38.487,91.27551488,0.00011831,0.0107988,FILL,BUY
7481379,BTC-TIX,2018-01-25T09:09:43.72,73.1800003,0.00011831,0.00865792,FILL,BUY
7481376,BTC-TIX,2018-01-25T09:09:41.377,52.86498754,0.00011817,0.00624705,PARTIAL_FILL,SELL
7481359,BTC-TIX,2018-01-25T09:09:23.61,5.89175995,0.00011817,0.00069622,PARTIAL_FILL,SELL
7481169,BTC-TIX,2018-01-25T09:06:11.49,57.1112441,0.00011817,0.00674883,PARTIAL_FILL,SELL
7481122,BTC-TIX,2018-01-25T09:05:28.41,685.0865325,0.00011817,0.08095667,PARTIAL_FILL,SELL
7481063,BTC-TIX,2018-01-25T09:05:10.55,833.3001906,0.00011818,0.09847941,FILL,SELL
7481056,BTC-TIX,2018-01-25T09:04:54.613,452.06547486,0.00011826,0.05346126,PARTIAL_FILL,SELL
7481055,BTC-TIX,2018-01-25T09:04:53.207,115.78029311,0.00011829,0.01369565,FILL,SELL
7481046,BTC-TIX,2018-01-25T09:03:51.74,8.42318059,0.00011872,0.00099999,FILL,BUY
7481016,BTC-TIX,2018-01-25T09:02:12.693,301.56226415,0.00011872,0.03580147,FILL,BUY
7481006,BTC-TIX,2018-01-25T09:01:53.023,452.06547486,0.00011833,0.0534929,FILL,BUY
7481004,BTC-TIX,2018-01-25T09:01:52.147,65.82311396,0.00011833,0.00778884,FILL,SELL
7480995,BTC-TIX,2018-01-25T09:01:39.85,348.92102721,0.00011873,0.04142739,FILL,BUY
7480994,BTC-TIX,2018-01-25T09:01:39.85,168.96756161,0.00011872,0.02005982,PARTIAL_FILL,BUY
7480973,BTC-TIX,2018-01-25T09:00:45.93,422.01215395,0.00011848,0.04999999,FILL,SELL
7480960,BTC-TIX,2018-01-25T09:00:34.617,422.15467747,0.00011846,0.05000844,PARTIAL_FILL,SELL
7480934,BTC-TIX,2018-01-25T09:00:04.26,836.3001906,0.00011835,0.09897612,PARTIAL_FILL,SELL
7480927,BTC-TIX,2018-01-25T08:59:56.087,500.0,0.00011832,0.05916,PARTIAL_FILL,SELL
7480822,BTC-TIX,2018-01-25T08:57:37.01,15.0,0.0001182,0.001773,PARTIAL_FILL,SELL
7480803,BTC-TIX,2018-01-25T08:57:20.243,388.40432988,0.00011817,0.04589773,PARTIAL_FILL,BUY
7480802,BTC-TIX,2018-01-25T08:57:20.243,32.04003093,0.00011817,0.00378617,PARTIAL_FILL,BUY
7480801,BTC-TIX,2018-01-25T08:57:20.243,0.18289406,0.00011817,2.161e-05,PARTIAL_FILL,BUY
7480717,BTC-TIX,2018-01-25T08:56:13.727,72.96235149,0.00011817,0.00862196,FILL,BUY
7480544,BTC-TIX,2018-01-25T08:53:31.447,417.8198587,0.00011779,0.049215,PARTIAL_FILL,BUY
7480541,BTC-TIX,2018-01-25T08:53:28.853,30.0,0.00011664,0.0034992,PARTIAL_FILL,SELL
7480365,BTC-TIX,2018-01-25T08:50:42.73,121.62445571,0.00011779,0.01432614,FILL,BUY
7480358,BTC-TIX,2018-01-25T08:50:39.717,127.52528122,0.00011779,0.0150212,FILL,BUY
7480345,BTC-TIX,2018-01-25T08:50:34.09,779.93467206,0.00011779,0.0918685,FILL,BUY
7480338,BTC-TIX,2018-01-25T08:50:29.967,592.73282961,0.00011779,0.06981799,FILL,BUY
7480336,BTC-TIX,2018-01-25T08:50:29.84,779.93467206,0.00011779,0.0918685,FILL,BUY
7480332,BTC-TIX,2018-01-25T08:50:28.387,348.66973555,0.00011779,0.0410698,FILL,SELL
7480231,BTC-TIX,2018-01-25T08:49:04.013,66.11102322,0.00011795,0.00779779,PARTIAL_FILL,BUY
7480230,BTC-TIX,2018-01-25T08:49:04.013,0.41346436,0.00011791,4.875e-05,PARTIAL_FILL,BUY
7480229,BTC-TIX,2018-01-25T08:49:04.013,415.67499717,0.00011783,0.04897898,PARTIAL_FILL,BUY
7480228,BTC-TIX,2018-01-25T08:49:04.013,538.70289556,0.00011779,0.06345381,PARTIAL_FILL,BUY
7480226,BTC-TIX,2018-01-25T08:49:03.98,63.00198389,0.00011779,0.007421,FILL,BUY
7480115,BTC-TIX,2018-01-25T08:46:29.403,267.6776477,0.00011787,0.03155116,FILL,BUY
7480114,BTC-TIX,2018-01-25T08:46:29.403,92.690913,0.00011787,0.01092547,PARTIAL_FILL,BUY
7480112,BTC-TIX,2018-01-25T08:46:17.56,407.309087,0.00011787,0.04800952,FILL,BUY
7480109,BTC-TIX,2018-01-25T08:45:57.78,279.20811053,0.00011789,0.03291584,FILL,BUY
7480100,BTC-TIX,2018-01-25T08:45:22.607,18.91865776,0.0001179,0.0022305,FILL,BUY
7480095,BTC-TIX,2018-01-25T08:45:13.873,164.97191523,0.00011791,0.01945183,FILL,BUY
7480069,BTC-TIX,2018-01-25T08:41:50.377,148.33100143,0.00011659,0.01729391,FILL,BUY
7480066,BTC-TIX,2018-01-25T08:41:45.41,3880.48523048,0.0001166,0.45246457,FILL,BUY
7480063,BTC-TIX,2018-01-25T08:41:40.003,148.33100143,0.00011662,0.01729836,FILL,BUY
7480061,BTC-TIX,2018-01-25T08:41:39.97,124.09907578,0.00011662,0.01447243,FILL,BUY
7480060,BTC-TIX,2018-01-25T08:41:39.97,24.23192565,0.00011662,0.00282592,PARTIAL_FILL,BUY
7480058,BTC-TIX,2018-01-25T08:41:39.94,148.33100143,0.00011662,0.01729836,FILL,BUY
7480056,BTC-TIX,2018-01-25T08:41:36.597,148.33100143,0.00011665,0.01730281,FILL,BUY
7480054,BTC-TIX,2018-01-25T08:41:36.533,148.33100143,0.00011665,0.01730281,FILL,BUY
7480052,BTC-TIX,2018-01-25T08:41:36.503,124.09907578,0.00011665,0.01447615,FILL,BUY
7480051,BTC-TIX,2018-01-25T08:41:36.503,24.23192565,0.00011665,0.00282665,PARTIAL_FILL,BUY
7480049,BTC-TIX,2018-01-25T08:41:36.487,148.33100143,0.00011665,0.01730281,FILL,BUY
7480047,BTC-TIX,2018-01-25T08:41:35.33,460.23922764,0.0001156,0.05320365,PARTIAL_FILL,SELL
7480031,BTC-TIX,2018-01-25T08:40:25.457,288.23778294,0.00011688,0.03368923,FILL,BUY
7480005,BTC-TIX,2018-01-25T08:39:47.677,812.44975898,0.0001156,0.09391919,PARTIAL_FILL,BUY
7480003,BTC-TIX,2018-01-25T08:39:47.6,10.0,0.0001156,0.001156,FILL,BUY
7480001,BTC-TIX,2018-01-25T08:39:47.113,172.56292708,0.00011561,0.01994999,FILL,SELL
7480000,BTC-TIX,2018-01-25T08:39:47.113,172.56292708,0.00011561,0.01994999,FILL,SELL
7479999,BTC-TIX,2018-01-25T08:39:47.1,9.9999375,0.00011571,0.00115709,FILL,SELL
7479988,BTC-TIX,2018-01-25T08:39:19.097,700.0,0.00011708,0.081956,FILL,SELL
7479987,BTC-TIX,2018-01-25T08:39:19.08,62.34202023,0.00011708,0.007299,FILL,SELL
7479985,BTC-TIX,2018-01-25T08:39:11.13,61.66093701,0.00011713,0.00722234,FILL,SELL
7479984,BTC-TIX,2018-01-25T08:39:11.13,143.87969289,0.00011713,0.01685262,FILL,SELL
7479941,BTC-TIX,2018-01-25T08:32:24.773,8.47816872,0.00011795,0.001,FILL,BUY
7479938,BTC-TIX,2018-01-25T08:32:23.46,25.41080806,0.00011795,0.0029972,FILL,BUY
7479934,BTC-TIX,2018-01-25T08:32:09.65,132.61245301,0.00011708,0.01552626,PARTIAL_FILL,BUY
7479933,BTC-TIX,2018-01-25T08:32:09.65,163.48438908,0.00011707,0.01913911,PARTIAL_FILL,BUY
7479922,BTC-TIX,2018-01-25T08:31:21.96,32.43357448,0.00011708,0.00379732,FILL,BUY
7479908,BTC-TIX,2018-01-25T08:30:40.37,83.55547116,0.00011708,0.00978267,FILL,SELL
7479907,BTC-TIX,2018-01-25T08:30:35.32,16.44452884,0.00011708,0.00192532,PARTIAL_FILL,BUY
7479901,BTC-TIX,2018-01-25T08:30:09.103,52.88766659,0.00011708,0.00619208,FILL,BUY
7479899,BTC-TIX,2018-01-25T08:30:07.917,30.66780457,0.00011708,0.00359058,FILL,BUY
7479898,BTC-TIX,2018-01-25T08:30:07.917,22.21986202,0.00011708,0.0026015,PARTIAL_FILL,BUY
7479886,BTC-TIX,2018-01-25T08:29:22.62,78.40958096,0.00011704,0.00917705,FILL,SELL
7479885,BTC-TIX,2018-01-25T08:29:22.043,62.35052955,0.00011708,0.00729999,FILL,BUY
7479882,BTC-TIX,2018-01-25T08:29:13.387,118.25591365,0.00011707,0.01384421,FILL,SELL
7479881,BTC-TIX,2018-01-25T08:28:39.98,8.54116843,0.00011708,0.00099999,FILL,BUY
7479872,BTC-TIX,2018-01-25T08:27:27.387,31.74408635,0.00011704,0.00371532,PARTIAL_FILL,BUY
7479870,BTC-TIX,2018-01-25T08:27:24.17,6.78694995,0.00011704,0.00079434,FILL,BUY
7479843,BTC-TIX,2018-01-25T08:23:39.563,61.56174504,0.00011707,0.00720703,FILL,BUY
7479841,BTC-TIX,2018-01-25T08:23:39.547,61.56174504,0.00011707,0.00720703,FILL,BUY
7479839,BTC-TIX,2018-01-25T08:23:39.53,11.28236681,0.00011707,0.00132082,FILL,BUY
7479838,BTC-TIX,2018-01-25T08:23:39.53,50.27937823,0.00011707,0.0058862,PARTIAL_FILL,BUY
7479836,BTC-TIX,2018-01-25T08:23:39.517,61.56174504,0.00011707,0.00720703,FILL,BUY
7479834,BTC-TIX,2018-01-25T08:23:39.517,61.56174504,0.00011707,0.00720703,FILL,BUY
7479829,BTC-TIX,2018-01-25T08:23:16.283,614.13037273,0.00011708,0.07190238,FILL,SELL
7479826,BTC-TIX,2018-01-25T08:23:05.11,89.32961809,0.00011767,0.01051141,FILL,BUY
7479806,BTC-TIX,2018-01-25T08:21:22.19,7.36590767,0.0001158,0.00085297,PARTIAL_FILL,SELL
7479767,BTC-TIX,2018-01-25T08:20:35.533,331.43583857,0.00011546,0.03826758,PARTIAL_FILL,SELL
7479763,BTC-TIX,2018-01-25T08:20:34.83,524.99487903,0.000115,0.06037441,PARTIAL_FILL,SELL
7479762,BTC-TIX,2018-01-25T08:20:34.83,82.93037925,0.00011503,0.00953948,FILL,SELL
7479761,BTC-TIX,2018-01-25T08:20:34.83,59.83090566,0.00011503,0.00688234,FILL,SELL
7479760,BTC-TIX,2018-01-25T08:20:34.83,173.40286831,0.00011505,0.01994999,FILL,SELL
7479759,BTC-TIX,2018-01-25T08:20:34.83,172.9368932,0.00011536,0.01994999,FILL,SELL
7479735,BTC-TIX,2018-01-25T08:20:17.613,839.03643656,0.00011503,0.09651436,PARTIAL_FILL,SELL
7479734,BTC-TIX,2018-01-25T08:20:17.613,11.79642848,0.00011505,0.00135717,FILL,SELL
7479733,BTC-TIX,2018-01-25T08:20:17.613,215.759647,0.00011558,0.0249375,FILL,SELL
7479732,BTC-TIX,2018-01-25T08:20:17.613,42.62000911,0.00011593,0.00494093,FILL,SELL
7479731,BTC-TIX,2018-01-25T08:20:17.613,625.06771308,0.00011612,0.07258286,FILL,SELL
7479730,BTC-TIX,2018-01-25T08:20:17.613,1872.0958408,0.0001162,0.21753753,FILL,SELL
7479729,BTC-TIX,2018-01-25T08:20:17.613,500.0,0.00011621,0.058105,FILL,SELL
7479728,BTC-TIX,2018-01-25T08:20:17.613,16.64744122,0.000117,0.00194775,FILL,SELL
7479727,BTC-TIX,2018-01-25T08:20:17.613,50.0,0.0001172,0.00586,FILL,SELL
7479726,BTC-TIX,2018-01-25T08:20:17.613,2.34106432,0.00011728,0.00027456,FILL,SELL
7479720,BTC-TIX,2018-01-25T08:20:11.91,70.80418123,0.00011728,0.00830391,PARTIAL_FILL,SELL
7479719,BTC-TIX,2018-01-25T08:20:11.91,250.0,0.00011805,0.0295125,FILL,SELL
7479718,BTC-TIX,2018-01-25T08:20:11.91,849.38285375,0.00011805,0.10026964,FILL,SELL
7479717,BTC-TIX,2018-01-25T08:20:11.91,6663.93785614,0.00011805,0.78667786,FILL,SELL
7479716,BTC-TIX,2018-01-25T08:20:09.52,70.80418123,0.00011805,0.00835843,PARTIAL_FILL,SELL
7479715,BTC-TIX,2018-01-25T08:20:03.987,497.1614816,0.00011805,0.05868991,PARTIAL_FILL,SELL
7479709,BTC-TIX,2018-01-25T08:19:11.24,335.53931506,0.00011805,0.03961041,PARTIAL_FILL,SELL
7479707,BTC-TIX,2018-01-25T08:18:50.003,427.1100185,0.00011805,0.05042033,PARTIAL_FILL,SELL
7479706,BTC-TIX,2018-01-25T08:18:48.067,706.36571565,0.00011805,0.08338647,PARTIAL_FILL,SELL
7479705,BTC-TIX,2018-01-25T08:18:46.88,432.1518299,0.00011805,0.05101552,PARTIAL_FILL,SELL
7479704,BTC-TIX,2018-01-25T08:18:46.38,706.36571564,0.00011805,0.08338647,PARTIAL_FILL,SELL
7479703,BTC-TIX,2018-01-25T08:18:37.147,1607.5849903,0.00011805,0.1897754,PARTIAL_FILL,SELL
7479702,BTC-TIX,2018-01-25T08:18:36.8,291.41183087,0.00011806,0.03440408,FILL,SELL
7479701,BTC-TIX,2018-01-25T08:18:35.833,557.58816913,0.00011806,0.06582885,PARTIAL_FILL,SELL
7479700,BTC-TIX,2018-01-25T08:18:35.833,13.69403866,0.00011806,0.00161671,FILL,SELL
7479699,BTC-TIX,2018-01-25T08:18:35.833,333.17236818,0.00011806,0.03933432,FILL,SELL
7479696,BTC-TIX,2018-01-25T08:17:55.96,500.0,0.00011807,0.059035,FILL,SELL
7479692,BTC-TIX,2018-01-25T08:17:15.35,23.05566426,0.00011806,0.00272195,PARTIAL_FILL,SELL
7479635,BTC-TIX,2018-01-25T08:06:23.59,12.62524372,0.00011994,0.00151427,FILL,BUY
7479630,BTC-TIX,2018-01-25T08:05:34.4,190.49637606,0.00011806,0.02249,PARTIAL_FILL,SELL
7479625,BTC-TIX,2018-01-25T08:04:51.603,153.2755915,0.00011806,0.01809571,PARTIAL_FILL,SELL
7479623,BTC-TIX,2018-01-25T08:04:44.417,81.54654984,0.00011807,0.0096282,FILL,SELL
7479621,BTC-TIX,2018-01-25T08:04:10.697,87.42101177,0.00011807,0.01032179,PARTIAL_FILL,SELL
7479603,BTC-TIX,2018-01-25T08:01:55.12,2508.29703753,0.00011825,0.29660612,FILL,SELL
7479602,BTC-TIX,2018-01-25T08:01:55.12,350.0,0.00011825,0.0413875,FILL,SELL
7479601,BTC-TIX,2018-01-25T08:01:55.12,87.42101177,0.00011825,0.01033753,FILL,SELL
7479600,BTC-TIX,2018-01-25T08:01:55.12,87.42101177,0.00011825,0.01033753,FILL,SELL
7479554,BTC-TIX,2018-01-25T07:56:22.03,87.42101177,0.00011825,0.01033753,FILL,BUY
7479509,BTC-TIX,2018-01-25T07:52:41.843,339.00078556,0.00011825,0.04008684,FILL,BUY
7479499,BTC-TIX,2018-01-25T07:51:36.83,5.92121663,0.00011815,0.00069959,PARTIAL_FILL,BUY
7479494,BTC-TIX,2018-01-25T07:51:09.47,16.92763436,0.00011815,0.00199999,FILL,BUY
7479489,BTC-TIX,2018-01-25T07:50:18.25,16.92763436,0.00011815,0.00199999,FILL,BUY
7479486,BTC-TIX,2018-01-25T07:50:08.877,38.91516276,0.00011805,0.00459393,PARTIAL_FILL,SELL
7479485,BTC-TIX,2018-01-25T07:50:08.36,8.46381718,0.00011815,0.00099999,FILL,BUY
7479483,BTC-TIX,2018-01-25T07:49:56.157,3.20626853,0.00011806,0.00037853,FILL,SELL
7479472,BTC-TIX,2018-01-25T07:48:25.143,6.79373147,0.00011806,0.00080206,PARTIAL_FILL,BUY
7479462,BTC-TIX,2018-01-25T07:47:16.283,10.0,0.00011805,0.0011805,PARTIAL_FILL,SELL
7479461,BTC-TIX,2018-01-25T07:47:06.597,12.92711654,0.00011805,0.00152604,PARTIAL_FILL,SELL
7479460,BTC-TIX,2018-01-25T07:47:06.363,426.42179733,0.00011805,0.05033909,PARTIAL_FILL,SELL
7479459,BTC-TIX,2018-01-25T07:47:00.487,341.13743786,0.00011805,0.04027127,PARTIAL_FILL,SELL
7479456,BTC-TIX,2018-01-25T07:46:51.037,335.53931506,0.00011815,0.03964397,FILL,SELL
7479455,BTC-TIX,2018-01-25T07:46:47.58,413.49468079,0.00011825,0.04889574,FILL,SELL
7479454,BTC-TIX,2018-01-25T07:46:47.393,426.42179733,0.00011825,0.05042437,PARTIAL_FILL,SELL
7479452,BTC-TIX,2018-01-25T07:46:46.3,244.55759249,0.00011825,0.02891893,PARTIAL_FILL,SELL
7479451,BTC-TIX,2018-01-25T07:46:46.3,158.35,0.00011825,0.01872488,FILL,SELL
7479450,BTC-TIX,2018-01-25T07:46:46.3,23.51420484,0.00011825,0.00278055,FILL,SELL
7479449,BTC-TIX,2018-01-25T07:46:45.63,404.364784,0.00011825,0.04781613,PARTIAL_FILL,SELL
7479448,BTC-TIX,2018-01-25T07:46:45.3,42.64217974,0.00011949,0.00509531,FILL,SELL
7479447,BTC-TIX,2018-01-25T07:46:45.287,383.77961759,0.00011949,0.04585782,PARTIAL_FILL,SELL
7479445,BTC-TIX,2018-01-25T07:46:43.097,70.73968427,0.00011949,0.00845268,PARTIAL_FILL,BUY
7479439,BTC-TIX,2018-01-25T07:46:07.613,9.67250513,0.00011825,0.00114377,PARTIAL_FILL,SELL
7479426,BTC-TIX,2018-01-25T07:44:22.88,50.98583945,0.00011825,0.00602907,PARTIAL_FILL,SELL
7479409,BTC-TIX,2018-01-25T07:42:45.07,148.44612034,0.00011825,0.01755375,PARTIAL_FILL,SELL
7479408,BTC-TIX,2018-01-25T07:42:45.07,399.38749459,0.00011826,0.04723156,FILL,SELL
7479407,BTC-TIX,2018-01-25T07:42:45.07,28.88600427,0.00011827,0.00341634,FILL,SELL
7479406,BTC-TIX,2018-01-25T07:42:45.07,10.49622685,0.00011827,0.00124138,FILL,SELL
7479215,BTC-TIX,2018-01-25T07:29:41.94,643.09017535,0.00011814,0.07597467,FILL,BUY
7479200,BTC-TIX,2018-01-25T07:29:25.957,8.4645336,0.00011814,0.00099999,FILL,BUY
7479189,BTC-TIX,2018-01-25T07:29:05.083,1073.09686254,0.00011814,0.12677566,FILL,SELL
7479181,BTC-TIX,2018-01-25T07:28:52.24,593.32087203,0.00011813,0.07008899,PARTIAL_FILL,SELL
7479066,BTC-TIX,2018-01-25T07:23:42.223,172.25866312,0.00011971,0.02062108,FILL,BUY
7479065,BTC-TIX,2018-01-25T07:23:42.223,400.03200256,0.0001197,0.04788383,PARTIAL_FILL,BUY
7479064,BTC-TIX,2018-01-25T07:23:42.223,200.0,0.0001197,0.02394,PARTIAL_FILL,BUY
7479063,BTC-TIX,2018-01-25T07:23:42.223,168.8674454,0.00011969,0.02021174,PARTIAL_FILL,BUY
7479062,BTC-TIX,2018-01-25T07:23:42.223,160.57144408,0.00011969,0.01921879,PARTIAL_FILL,BUY
7479030,BTC-TIX,2018-01-25T07:19:54.617,8.29600132,0.00012053,0.00099991,FILL,BUY
7479026,BTC-TIX,2018-01-25T07:19:51.787,61.76616913,0.00011813,0.00729643,PARTIAL_FILL,SELL
7479025,BTC-TIX,2018-01-25T07:19:51.787,30.54554183,0.00011814,0.00360865,FILL,SELL
7479024,BTC-TIX,2018-01-25T07:19:51.787,56.34826542,0.00011814,0.00665698,FILL,SELL
7479022,BTC-TIX,2018-01-25T07:19:49.57,112.51917998,0.00011814,0.01329301,PARTIAL_FILL,SELL
7479021,BTC-TIX,2018-01-25T07:19:49.57,28.17413271,0.00011814,0.00332849,FILL,SELL
7479019,BTC-TIX,2018-01-25T07:19:47.833,140.69331269,0.00011814,0.0166215,PARTIAL_FILL,SELL
7479008,BTC-TIX,2018-01-25T07:19:33.927,140.69331269,0.00011811,0.01661728,PARTIAL_FILL,SELL
7479007,BTC-TIX,2018-01-25T07:19:33.88,140.69331269,0.00011811,0.01661728,PARTIAL_FILL,SELL
7479006,BTC-TIX,2018-01-25T07:19:31.787,140.69331269,0.00011959,0.01682551,FILL,SELL
7479004,BTC-TIX,2018-01-25T07:19:25.193,107.80957532,0.00011959,0.01289294,PARTIAL_FILL,BUY
7479003,BTC-TIX,2018-01-25T07:19:25.177,2.75339339,0.0001194,0.00032875,PARTIAL_FILL,BUY
7478996,BTC-TIX,2018-01-25T07:19:05.757,1684.25471657,0.00011809,0.19889363,PARTIAL_FILL,BUY
7478993,BTC-TIX,2018-01-25T07:19:03.77,244.04158543,0.00011809,0.02881887,FILL,SELL
7478990,BTC-TIX,2018-01-25T07:18:58.507,2196.37426884,0.00011809,0.25936983,PARTIAL_FILL,SELL
7478984,BTC-TIX,2018-01-25T07:18:43.71,297.28285733,0.00011805,0.03509424,PARTIAL_FILL,SELL
7478983,BTC-TIX,2018-01-25T07:18:43.71,8.46883468,0.00011808,0.00099999,FILL,SELL
7478978,BTC-TIX,2018-01-25T07:18:39.473,719.90029585,0.00011817,0.08507061,PARTIAL_FILL,SELL
7478976,BTC-TIX,2018-01-25T07:18:33.663,268.27429982,0.00011815,0.0316966,PARTIAL_FILL,BUY
7478975,BTC-TIX,2018-01-25T07:18:33.663,92.82314512,0.00011808,0.01096055,PARTIAL_FILL,BUY
7478972,BTC-TIX,2018-01-25T07:18:27.82,8.46883468,0.00011808,0.00099999,FILL,BUY
7478968,BTC-TIX,2018-01-25T07:18:22.57,23.37772418,0.00011808,0.00276044,FILL,SELL
7478889,BTC-TIX,2018-01-25T07:15:21.973,12.56281407,0.0001194,0.00149999,FILL,SELL
7478886,BTC-TIX,2018-01-25T07:15:00.473,85.03305899,0.00011959,0.0101691,FILL,SELL
7478885,BTC-TIX,2018-01-25T07:15:00.473,7.46030887,0.00011959,0.00089217,FILL,SELL
7478883,BTC-TIX,2018-01-25T07:14:52.693,8.42530963,0.00011959,0.00100758,PARTIAL_FILL,SELL
7478880,BTC-TIX,2018-01-25T07:14:48.817,107.80957532,0.00011959,0.01289294,PARTIAL_FILL,BUY
7478877,BTC-TIX,2018-01-25T07:14:40.083,107.80957532,0.0001194,0.01287246,PARTIAL_FILL,SELL
7478876,BTC-TIX,2018-01-25T07:14:38.46,107.80957532,0.00011959,0.01289294,FILL,SELL
7478830,BTC-TIX,2018-01-25T07:14:09.973,31.4046435,0.00011959,0.00375568,PARTIAL_FILL,BUY
7478811,BTC-TIX,2018-01-25T07:14:02.787,8.42530963,0.0001194,0.00100598,PARTIAL_FILL,SELL
7478786,BTC-TIX,2018-01-25T07:13:12.503,168.35746165,0.0001194,0.02010188,PARTIAL_FILL,SELL
7478773,BTC-TIX,2018-01-25T07:13:06.863,3.33012444,0.0001194,0.00039761,PARTIAL_FILL,BUY
7478687,BTC-TIX,2018-01-25T07:12:19.893,206.70472341,0.00011921,0.02464127,FILL,SELL
7478686,BTC-TIX,2018-01-25T07:12:19.033,244.16972762,0.00011921,0.02910747,PARTIAL_FILL,SELL
7478685,BTC-TIX,2018-01-25T07:12:18.86,598.81977622,0.00011921,0.0713853,PARTIAL_FILL,SELL
7478679,BTC-TIX,2018-01-25T07:12:08.66,108.21416529,0.00011921,0.01290021,PARTIAL_FILL,BUY
7478670,BTC-TIX,2018-01-25T07:11:45.5,9.5417933,0.00011921,0.00113747,FILL,BUY
7478632,BTC-TIX,2018-01-25T07:11:14.453,598.81977622,0.00011921,0.0713853,FILL,SELL
7478600,BTC-TIX,2018-01-25T07:10:58.22,9.21273031,0.0001194,0.00109999,FILL,BUY
7478592,BTC-TIX,2018-01-25T07:10:01.56,8.55944534,0.00011921,0.00102037,PARTIAL_FILL,SELL
7478591,BTC-TIX,2018-01-25T07:09:51.34,39.28062141,0.00011921,0.00468264,PARTIAL_FILL,SELL
7478590,BTC-TIX,2018-01-25T07:09:48.763,16.94340901,0.00011921,0.00201982,PARTIAL_FILL,SELL
7478585,BTC-TIX,2018-01-25T07:09:23.873,16.94340901,0.00011921,0.00201982,PARTIAL_FILL,SELL
7478582,BTC-TIX,2018-01-25T07:09:01.967,654.57138316,0.00011921,0.07803145,PARTIAL_FILL,SELL
7478572,BTC-TIX,2018-01-25T07:08:51.23,8.4717045,0.00011921,0.00100991,PARTIAL_FILL,BUY
7478571,BTC-TIX,2018-01-25T07:08:51.23,8.47098686,0.00011921,0.00100982,PARTIAL_FILL,BUY
7478570,BTC-TIX,2018-01-25T07:08:51.23,8.47098686,0.00011921,0.00100982,PARTIAL_FILL,BUY
7478569,BTC-TIX,2018-01-25T07:08:51.23,8.47098686,0.00011921,0.00100982,PARTIAL_FILL,BUY
7478549,BTC-TIX,2018-01-25T07:08:25.26,327.07133341,0.00011921,0.03899017,FILL,SELL
7478548,BTC-TIX,2018-01-25T07:08:22.62,8.47098686,0.00011921,0.00100982,PARTIAL_FILL,SELL
7478536,BTC-TIX,2018-01-25T07:08:01.557,83.63824181,0.00011921,0.00997051,PARTIAL_FILL,BUY
7478534,BTC-TIX,2018-01-25T07:07:58.963,83.6763891,0.00011921,0.00997506,FILL,BUY
7478524,BTC-TIX,2018-01-25T07:07:35.557,0.89784801,0.00011921,0.00010703,FILL,BUY
7478523,BTC-TIX,2018-01-25T07:07:35.557,10.00727739,0.00011921,0.00119296,PARTIAL_FILL,BUY
7478508,BTC-TIX,2018-01-25T07:07:12.98,12775.72273255,0.00011805,1.50817406,PARTIAL_FILL,BUY
7478506,BTC-TIX,2018-01-25T07:07:12.12,809.95420003,0.00011805,0.09561509,FILL,BUY
7478501,BTC-TIX,2018-01-25T07:06:43.04,1510.0146393,0.00011805,0.17825722,FILL,BUY
7478493,BTC-TIX,2018-01-25T07:06:33.057,981.64271658,0.00011805,0.11588292,FILL,BUY
7478471,BTC-TIX,2018-01-25T07:06:25.243,1159.1304917,0.00011805,0.13683535,FILL,BUY
7478443,BTC-TIX,2018-01-25T07:06:16.71,126.90355329,0.00011805,0.01498096,FILL,BUY
7478436,BTC-TIX,2018-01-25T07:06:14.77,747.42144989,0.00011805,0.0882331,FILL,BUY
7478432,BTC-TIX,2018-01-25T07:06:12.443,189.66476227,0.00011805,0.02238992,FILL,BUY
7478425,BTC-TIX,2018-01-25T07:06:09.943,22.05701333,0.00011805,0.00260383,FILL,BUY
7478422,BTC-TIX,2018-01-25T07:06:09.93,5914.2781577,0.00011805,0.69818053,FILL,BUY
7478420,BTC-TIX,2018-01-25T07:06:09.88,520.77588782,0.00011805,0.06147759,FILL,BUY
7478419,BTC-TIX,2018-01-25T07:06:09.88,226.64556207,0.00011804,0.02675324,PARTIAL_FILL,BUY
7478391,BTC-TIX,2018-01-25T07:06:01.397,591.47746527,0.00011804,0.069818,FILL,BUY
7478368,BTC-TIX,2018-01-25T07:04:49.927,153.20563918,0.00011718,0.01795263,PARTIAL_FILL,SELL
7478361,BTC-TIX,2018-01-25T07:04:31.597,157.640785,0.00011718,0.01847234,PARTIAL_FILL,SELL
7478279,BTC-TIX,2018-01-25T07:02:49.55,16.94340901,0.00011804,0.00199999,FILL,BUY
7478276,BTC-TIX,2018-01-25T07:02:46.393,12.40639394,0.00011804,0.00146445,FILL,BUY
7478273,BTC-TIX,2018-01-25T07:02:34.36,8.4717045,0.00011804,0.00099999,FILL,SELL
7478263,BTC-TIX,2018-01-25T07:02:06.173,148.16450132,0.00011805,0.01749081,FILL,BUY
7478262,BTC-TIX,2018-01-25T07:02:06.173,1.83549868,0.00011804,0.00021666,PARTIAL_FILL,BUY
7478258,BTC-TIX,2018-01-25T07:01:57.05,16.94340901,0.00011804,0.00199999,FILL,BUY
7478256,BTC-TIX,2018-01-25T07:01:54.093,8.47098686,0.00011804,0.00099991,FILL,BUY
7478251,BTC-TIX,2018-01-25T07:01:47.22,507.23050412,0.00011805,0.05987856,FILL,BUY
7478250,BTC-TIX,2018-01-25T07:01:47.22,3.33908927,0.00011805,0.00039417,PARTIAL_FILL,BUY
7478247,BTC-TIX,2018-01-25T07:01:45.203,8.47098686,0.00011805,0.00099999,FILL,BUY
7478245,BTC-TIX,2018-01-25T07:01:41.047,54.16501046,0.00011718,0.00634705,PARTIAL_FILL,SELL
7478239,BTC-TIX,2018-01-25T07:01:32.313,54.16501046,0.00011718,0.00634705,PARTIAL_FILL,SELL
7478234,BTC-TIX,2018-01-25T07:01:29.267,8.47098686,0.00011805,0.00099999,FILL,BUY
7478232,BTC-TIX,2018-01-25T07:01:27.47,8.47098686,0.00011805,0.00099999,FILL,BUY
7478228,BTC-TIX,2018-01-25T07:01:18.593,25.41296061,0.00011805,0.003,FILL,SELL
7478226,BTC-TIX,2018-01-25T07:01:16.437,12.61776581,0.00011888,0.00149999,FILL,SELL
7478225,BTC-TIX,2018-01-25T07:01:16.437,41.54724465,0.00011888,0.00493913,FILL,SELL
7478206,BTC-TIX,2018-01-25T07:00:57.373,39.58744464,0.00011888,0.00470615,PARTIAL_FILL,SELL
7478205,BTC-TIX,2018-01-25T07:00:57.373,27.57291457,0.00011947,0.00329413,FILL,SELL
7478189,BTC-TIX,2018-01-25T07:00:51.683,40.1313362,0.00011888,0.00477081,PARTIAL_FILL,SELL
7478179,BTC-TIX,2018-01-25T07:00:49.7,143.75794365,0.00011888,0.01708994,PARTIAL_FILL,SELL
7478172,BTC-TIX,2018-01-25T07:00:46.81,6.25063288,0.00011888,0.00074307,PARTIAL_FILL,BUY
7478162,BTC-TIX,2018-01-25T07:00:43.23,8.42530963,0.00011869,0.00099999,FILL,SELL
7478145,BTC-TIX,2018-01-25T07:00:34.4,8.42034355,0.00011876,0.00099999,FILL,SELL
7478144,BTC-TIX,2018-01-25T07:00:34.183,650.17944579,0.00011876,0.07721531,FILL,SELL
7478136,BTC-TIX,2018-01-25T07:00:14.683,21.78614363,0.00011876,0.00258732,PARTIAL_FILL,BUY
7478116,BTC-TIX,2018-01-25T06:59:37.307,100.0,0.00011869,0.011869,PARTIAL_FILL,BUY
7478115,BTC-TIX,2018-01-25T06:59:37.307,86.36363636,0.00011869,0.01025049,PARTIAL_FILL,BUY
7478109,BTC-TIX,2018-01-25T06:59:19.573,8.42530963,0.00011869,0.00099999,FILL,BUY
7478107,BTC-TIX,2018-01-25T06:59:15.697,5.89175995,0.00011869,0.00069929,FILL,BUY
7478084,BTC-TIX,2018-01-25T06:58:42.43,25.25039979,0.00011881,0.00299999,FILL,BUY
7478067,BTC-TIX,2018-01-25T06:58:25.353,131.62732734,0.00011796,0.01552675,PARTIAL_FILL,BUY
7478065,BTC-TIX,2018-01-25T06:58:25.307,37.38317757,0.00011796,0.00440971,FILL,BUY
7478043,BTC-TIX,2018-01-25T06:58:13.557,2497.86795007,0.000117,0.29225055,PARTIAL_FILL,BUY
7478041,BTC-TIX,2018-01-25T06:58:12.54,1195.17456211,0.000117,0.13983542,FILL,BUY
7478040,BTC-TIX,2018-01-25T06:58:12.54,977.82564073,0.000117,0.11440559,PARTIAL_FILL,BUY
7478039,BTC-TIX,2018-01-25T06:58:12.54,514.05574649,0.00011683,0.06005713,PARTIAL_FILL,BUY
7478037,BTC-TIX,2018-01-25T06:58:12.477,1520.59034298,0.00011683,0.17765056,FILL,BUY
7478035,BTC-TIX,2018-01-25T06:58:12.447,355.2690183,0.00011683,0.04150607,FILL,BUY
7478034,BTC-TIX,2018-01-25T06:58:12.447,598.14290478,0.00011681,0.06986907,PARTIAL_FILL,BUY
7478032,BTC-TIX,2018-01-25T06:58:12.43,133.45584615,0.00011681,0.01558897,FILL,BUY
7478030,BTC-TIX,2018-01-25T06:58:12.413,1948.2851679,0.00011681,0.22757919,FILL,BUY
7478029,BTC-TIX,2018-01-25T06:58:12.413,3.95437056,0.00011666,0.00046131,PARTIAL_FILL,BUY
7478021,BTC-TIX,2018-01-25T06:57:38.133,15.0,0.00011664,0.0017496,PARTIAL_FILL,SELL
7478016,BTC-TIX,2018-01-25T06:57:25.507,5.16474584,0.00011666,0.00060251,FILL,BUY
7478015,BTC-TIX,2018-01-25T06:57:25.507,89.1263565,0.00011666,0.01039748,PARTIAL_FILL,BUY
7477995,BTC-TIX,2018-01-25T06:57:06.46,31.4046435,0.00011666,0.00366366,FILL,BUY
7477993,BTC-TIX,2018-01-25T06:57:05.27,157.48545552,0.0001162,0.0182998,PARTIAL_FILL,SELL
7477992,BTC-TIX,2018-01-25T06:57:05.27,2622.48970377,0.00011637,0.30517912,FILL,SELL
7477991,BTC-TIX,2018-01-25T06:57:05.27,5.15,0.00011664,0.00060069,FILL,SELL
7477989,BTC-TIX,2018-01-25T06:57:02.55,10.00727739,0.00011664,0.00116724,FILL,BUY
7477986,BTC-TIX,2018-01-25T06:57:02.38,25.7201646,0.00011664,0.00299999,FILL,BUY
7477982,BTC-TIX,2018-01-25T06:57:00.77,137.69227888,0.00011637,0.01602325,PARTIAL_FILL,SELL
7477981,BTC-TIX,2018-01-25T06:56:58.21,855.94453479,0.00011664,0.09983737,FILL,BUY
7477979,BTC-TIX,2018-01-25T06:56:56.99,137.69227888,0.00011637,0.01602325,PARTIAL_FILL,SELL
7477978,BTC-TIX,2018-01-25T06:56:55.897,5113.26860841,0.00011637,0.59503106,PARTIAL_FILL,SELL
7477977,BTC-TIX,2018-01-25T06:56:55.38,949.93,0.00011637,0.11054335,PARTIAL_FILL,SELL
7477975,BTC-TIX,2018-01-25T06:56:53.8,17.16173448,0.00011653,0.00199985,FILL,SELL
7477974,BTC-TIX,2018-01-25T06:56:53.8,51.43,0.00011666,0.00599982,FILL,SELL
7477973,BTC-TIX,2018-01-25T06:56:53.8,69.1005444,0.00011666,0.00806126,FILL,SELL
7477970,BTC-TIX,2018-01-25T06:56:50.957,8.55944534,0.00011683,0.00099999,FILL,BUY
7477967,BTC-TIX,2018-01-25T06:56:47.897,16.94484453,0.00011683,0.00197966,FILL,BUY
7477965,BTC-TIX,2018-01-25T06:56:46.02,33.88968906,0.00011683,0.00395933,FILL,BUY
7477963,BTC-TIX,2018-01-25T06:56:44.647,917.8461926,0.00011683,0.10723197,FILL,BUY
7477959,BTC-TIX,2018-01-25T06:56:43.8,39.28062141,0.00011683,0.00458915,FILL,BUY
7477957,BTC-TIX,2018-01-25T06:56:43.037,25.4172668,0.00011683,0.00296949,FILL,BUY
7477953,BTC-TIX,2018-01-25T06:56:40.457,630.8994556,0.00011666,0.07360073,PARTIAL_FILL,SELL
7477952,BTC-TIX,2018-01-25T06:56:40.003,165.80998176,0.00011683,0.01937158,FILL,BUY
7477950,BTC-TIX,2018-01-25T06:56:38.49,21.78614363,0.00011683,0.00254527,FILL,BUY
7477948,BTC-TIX,2018-01-25T06:56:34.77,25.4172668,0.00011683,0.00296949,FILL,BUY
7477945,BTC-TIX,2018-01-25T06:56:34.223,6.25063288,0.00011683,0.00073026,FILL,BUY
7477940,BTC-TIX,2018-01-25T06:56:32.38,67.3425864,0.00011683,0.00786763,FILL,SELL
7477939,BTC-TIX,2018-01-25T06:56:31.537,84.72472265,0.000117,0.00991279,FILL,BUY
7477936,BTC-TIX,2018-01-25T06:56:30.8,305.64987315,0.000117,0.03576103,FILL,BUY
7477934,BTC-TIX,2018-01-25T06:56:29.003,305.64987315,0.000117,0.03576103,FILL,BUY
7477932,BTC-TIX,2018-01-25T06:56:28.02,6.7924582,0.000117,0.00079471,FILL,BUY
7477929,BTC-TIX,2018-01-25T06:56:27.253,2063.2344779,0.000117,0.24139843,FILL,SELL
7477928,BTC-TIX,2018-01-25T06:56:27.177,305.64745239,0.00011701,0.0357638,FILL,BUY
7477925,BTC-TIX,2018-01-25T06:56:27.067,74.58859741,0.00011701,0.00872761,FILL,BUY
7477923,BTC-TIX,2018-01-25T06:56:26.973,84.72472265,0.00011701,0.00991363,FILL,BUY
7477918,BTC-TIX,2018-01-25T06:56:26.363,305.65178347,0.00011701,0.03576431,FILL,BUY
7477916,BTC-TIX,2018-01-25T06:56:26.19,305.64987315,0.00011701,0.03576409,FILL,BUY
7477914,BTC-TIX,2018-01-25T06:56:26.177,949.93,0.00011701,0.1111513,FILL,SELL
7477913,BTC-TIX,2018-01-25T06:56:26.177,1061.36789431,0.00011711,0.12429679,FILL,SELL
7477902,BTC-TIX,2018-01-25T06:56:23.91,191.22121866,0.00011702,0.0223767,FILL,BUY
7477900,BTC-TIX,2018-01-25T06:56:23.88,323.97808227,0.00011702,0.03791191,FILL,BUY
7477898,BTC-TIX,2018-01-25T06:56:23.69,169.01050491,0.00011702,0.0197776,FILL,BUY
7477896,BTC-TIX,2018-01-25T06:56:23.69,2200.23522616,0.00011702,0.25747152,FILL,SELL
7477895,BTC-TIX,2018-01-25T06:56:23.69,1000.0,0.00011797,0.11797,FILL,SELL
7477894,BTC-TIX,2018-01-25T06:56:23.69,3.05389288,0.000118,0.00036035,FILL,SELL
7477893,BTC-TIX,2018-01-25T06:56:23.473,39.31948847,0.000118,0.00463969,PARTIAL_FILL,SELL
7477892,BTC-TIX,2018-01-25T06:56:23.473,78.88512383,0.000118,0.00930844,FILL,SELL
7477891,BTC-TIX,2018-01-25T06:56:23.473,917.65998126,0.00011801,0.10829305,FILL,SELL
7477890,BTC-TIX,2018-01-25T06:56:23.473,209.54091385,0.00011801,0.02472792,FILL,SELL
7477889,BTC-TIX,2018-01-25T06:56:23.473,1444.58311189,0.00011801,0.17047525,FILL,SELL
7477888,BTC-TIX,2018-01-25T06:56:23.473,25.4172668,0.00011803,0.003,FILL,SELL
7477887,BTC-TIX,2018-01-25T06:56:23.473,25.4172668,0.00011803,0.003,FILL,SELL
7477886,BTC-TIX,2018-01-25T06:56:23.473,25.4172668,0.00011803,0.003,FILL,SELL
7477863,BTC-TIX,2018-01-25T06:56:07.067,166.87255549,0.00011803,0.01969596,PARTIAL_FILL,SELL
7477851,BTC-TIX,2018-01-25T06:56:00.427,25.2972426,0.00011859,0.00299999,FILL,SELL
7477846,BTC-TIX,2018-01-25T06:55:52.27,21.11487617,0.000118,0.00249155,PARTIAL_FILL,SELL
7477845,BTC-TIX,2018-01-25T06:55:52.27,15.95572398,0.00011854,0.00189139,FILL,SELL
7477844,BTC-TIX,2018-01-25T06:55:52.27,8.43312532,0.00011858,0.001,FILL,SELL
7477843,BTC-TIX,2018-01-25T06:55:52.27,14.9450893,0.00011858,0.00177218,FILL,SELL
7477842,BTC-TIX,2018-01-25T06:55:52.27,27.39016885,0.00011858,0.00324792,FILL,SELL
7477841,BTC-TIX,2018-01-25T06:55:52.27,25.14138135,0.00011858,0.00298126,FILL,SELL
7477840,BTC-TIX,2018-01-25T06:55:52.27,172.37283203,0.00011858,0.02043997,FILL,SELL
7477839,BTC-TIX,2018-01-25T06:55:52.27,172.93132313,0.00011858,0.02050619,FILL,SELL
7477834,BTC-TIX,2018-01-25T06:55:46.847,335.06353098,0.00011859,0.03973518,FILL,SELL
7477833,BTC-TIX,2018-01-25T06:55:46.847,5949.63366902,0.00011859,0.70556705,FILL,SELL
7477832,BTC-TIX,2018-01-25T06:55:45.753,1741.66061001,0.00011859,0.20654353,PARTIAL_FILL,SELL
7477831,BTC-TIX,2018-01-25T06:55:45.753,168.21247892,0.0001186,0.01994999,FILL,SELL
7477828,BTC-TIX,2018-01-25T06:55:43.033,57.71601657,0.000119,0.0068682,FILL,SELL
7477827,BTC-TIX,2018-01-25T06:55:43.033,134.45378151,0.00011902,0.01600268,FILL,SELL
7477789,BTC-TIX,2018-01-25T06:54:00.953,153.20563918,0.00012065,0.01848426,FILL,SELL
7477782,BTC-TIX,2018-01-25T06:53:38,113.88841598,0.00012065,0.01374063,PARTIAL_FILL,BUY
7477744,BTC-TIX,2018-01-25T06:52:43.81,41.43531946,0.00012065,0.00499917,FILL,BUY
7477736,BTC-TIX,2018-01-25T06:52:38.483,2.8948093,0.000119,0.00034448,PARTIAL_FILL,SELL
7477735,BTC-TIX,2018-01-25T06:52:38.483,850.00581631,0.00012046,0.1023917,FILL,SELL
7477734,BTC-TIX,2018-01-25T06:52:38.483,25.03830513,0.00012065,0.00302087,FILL,SELL
7477730,BTC-TIX,2018-01-25T06:52:28.687,125.41984725,0.00012067,0.01513441,FILL,SELL
7477728,BTC-TIX,2018-01-25T06:52:28.297,1128.77862524,0.00012067,0.13620971,PARTIAL_FILL,SELL
7477703,BTC-TIX,2018-01-25T06:50:32.167,150.0,0.00012067,0.0181005,PARTIAL_FILL,SELL
7477651,BTC-TIX,2018-01-25T06:47:00.207,25.03830513,0.00012065,0.00302087,FILL,BUY
7477607,BTC-TIX,2018-01-25T06:45:52.13,80.0,0.00012065,0.009652,PARTIAL_FILL,SELL
7477539,BTC-TIX,2018-01-25T06:44:16.55,181.0093763,0.00012046,0.02180438,PARTIAL_FILL,SELL
7477521,BTC-TIX,2018-01-25T06:43:24.58,167.4564599,0.00012046,0.0201718,PARTIAL_FILL,SELL
7477484,BTC-TIX,2018-01-25T06:41:45.11,165.38537959,0.00012046,0.01992232,PARTIAL_FILL,SELL
7477301,BTC-TIX,2018-01-25T06:35:42.803,209.82971496,0.00012036,0.0252551,FILL,BUY
7477289,BTC-TIX,2018-01-25T06:35:16.117,167.80217007,0.00012036,0.02019666,PARTIAL_FILL,SELL
7477284,BTC-TIX,2018-01-25T06:35:12.693,10.54716756,0.00012,0.00126566,PARTIAL_FILL,BUY
7477282,BTC-TIX,2018-01-25T06:35:11.833,10.25899118,0.00012,0.00123107,FILL,BUY
7477280,BTC-TIX,2018-01-25T06:35:11.787,25.7316,0.00012,0.00308779,FILL,BUY
7477264,BTC-TIX,2018-01-25T06:34:42.71,1657.89763057,0.00012,0.19894771,PARTIAL_FILL,BUY
7477262,BTC-TIX,2018-01-25T06:34:42.6,2881.609,0.00012,0.34579308,FILL,BUY
7477260,BTC-TIX,2018-01-25T06:34:42.38,104.46224248,0.00012,0.01253546,FILL,BUY
7477258,BTC-TIX,2018-01-25T06:34:42.35,263.23905,0.00012,0.03158868,FILL,BUY
7477256,BTC-TIX,2018-01-25T06:34:41.663,70.73968427,0.00012126,0.00857789,FILL,SELL
7477255,BTC-TIX,2018-01-25T06:34:41.663,16.45099751,0.00012127,0.00199501,FILL,SELL
7477254,BTC-TIX,2018-01-25T06:34:41.663,5.60139517,0.00012187,0.00068264,FILL,SELL
7477131,BTC-TIX,2018-01-25T06:32:41.753,172.04667404,0.00012192,0.02097593,PARTIAL_FILL,SELL
7477124,BTC-TIX,2018-01-25T06:32:15.927,10.45536247,0.00012192,0.00127471,PARTIAL_FILL,SELL
7477123,BTC-TIX,2018-01-25T06:32:15.55,50.0,0.00012192,0.006096,PARTIAL_FILL,SELL
7477090,BTC-TIX,2018-01-25T06:31:46.237,46.34532588,0.00012192,0.00565042,PARTIAL_FILL,SELL
7477073,BTC-TIX,2018-01-25T06:31:31.783,163.48438908,0.00012203,0.01994999,FILL,SELL
7477071,BTC-TIX,2018-01-25T06:31:26.067,209.82971496,0.00012393,0.02600419,FILL,SELL
7476796,BTC-TIX,2018-01-25T06:27:27,41.81295036,0.00012451,0.00520613,FILL,BUY
7476761,BTC-TIX,2018-01-25T06:27:01.983,777.04181846,0.00012458,0.09680386,FILL,BUY
7476760,BTC-TIX,2018-01-25T06:27:01.983,148.4407379,0.00012304,0.01826414,PARTIAL_FILL,BUY
7476759,BTC-TIX,2018-01-25T06:27:01.983,371.22226891,0.00012303,0.04567147,PARTIAL_FILL,BUY
7476758,BTC-TIX,2018-01-25T06:27:01.983,167.66114799,0.00012303,0.02062735,PARTIAL_FILL,BUY
7476752,BTC-TIX,2018-01-25T06:26:57.763,18.96987437,0.00012311,0.00233538,FILL,SELL
7476711,BTC-TIX,2018-01-25T06:26:35.763,167.63297201,0.00012309,0.02063394,PARTIAL_FILL,SELL
7476707,BTC-TIX,2018-01-25T06:26:35.343,8.0,0.00012309,0.00098472,PARTIAL_FILL,SELL
7476705,BTC-TIX,2018-01-25T06:26:35.17,75.57309598,0.00012309,0.00930229,PARTIAL_FILL,SELL
7476699,BTC-TIX,2018-01-25T06:26:34.013,44.17221894,0.00012467,0.00550695,FILL,BUY
7476698,BTC-TIX,2018-01-25T06:26:34.013,17.66143223,0.00012414,0.00219249,PARTIAL_FILL,BUY
7476697,BTC-TIX,2018-01-25T06:26:34.013,5.58298427,0.00012414,0.00069307,PARTIAL_FILL,BUY
7476696,BTC-TIX,2018-01-25T06:26:34.013,100.19804002,0.00012395,0.01241954,PARTIAL_FILL,BUY
7476695,BTC-TIX,2018-01-25T06:26:34.013,70.72439922,0.00012344,0.00873021,PARTIAL_FILL,BUY
7476694,BTC-TIX,2018-01-25T06:26:34.013,8.7178,0.00012311,0.00107324,PARTIAL_FILL,BUY
7476693,BTC-TIX,2018-01-25T06:26:34.013,242.18449597,0.00012309,0.02981048,PARTIAL_FILL,BUY
7476692,BTC-TIX,2018-01-25T06:26:34.013,82.28212773,0.00012304,0.01012399,PARTIAL_FILL,BUY
7476691,BTC-TIX,2018-01-25T06:26:34.013,123.51686165,0.00012273,0.01515922,PARTIAL_FILL,BUY
7476690,BTC-TIX,2018-01-25T06:26:34.013,73.34803182,0.00012273,0.009002,PARTIAL_FILL,BUY
7476689,BTC-TIX,2018-01-25T06:26:34.013,16.45007402,0.0001225,0.00201513,PARTIAL_FILL,BUY
7476688,BTC-TIX,2018-01-25T06:26:34.013,167.64705882,0.00012248,0.02053341,PARTIAL_FILL,BUY
7476687,BTC-TIX,2018-01-25T06:26:34.013,23.77933299,0.00012248,0.00291249,PARTIAL_FILL,BUY
7476686,BTC-TIX,2018-01-25T06:26:34.013,1297.28064244,0.00012246,0.15886498,PARTIAL_FILL,BUY
7476682,BTC-TIX,2018-01-25T06:26:33.53,2075.84633291,0.00011879,0.24658978,PARTIAL_FILL,BUY
7476680,BTC-TIX,2018-01-25T06:26:33.28,8.0,0.00011879,0.00095032,FILL,BUY
7476677,BTC-TIX,2018-01-25T06:26:33.077,4.23637457,0.00011879,0.00050323,FILL,BUY
7476675,BTC-TIX,2018-01-25T06:26:33.013,167.63297201,0.00011879,0.01991312,FILL,BUY
7476673,BTC-TIX,2018-01-25T06:26:32.75,371.22226891,0.00011879,0.04409749,FILL,BUY
7476671,BTC-TIX,2018-01-25T06:26:32.577,1956.10596063,0.00011881,0.23240494,FILL,SELL
7476670,BTC-TIX,2018-01-25T06:26:32.577,167.80217007,0.00011889,0.01994999,FILL,SELL
7476669,BTC-TIX,2018-01-25T06:26:32.577,167.66114799,0.00011899,0.01994999,FILL,SELL
7476668,BTC-TIX,2018-01-25T06:26:32.577,167.64705882,0.000119,0.01994999,FILL,SELL
7476667,BTC-TIX,2018-01-25T06:26:32.577,75.57309598,0.00011909,0.009,FILL,SELL
7476605,BTC-TIX,2018-01-25T06:26:21.513,23.779333,0.00011879,0.00282474,PARTIAL_FILL,SELL
7476530,BTC-TIX,2018-01-25T06:26:07.56,1300.53222378,0.00011858,0.15421711,PARTIAL_FILL,SELL
7476529,BTC-TIX,2018-01-25T06:26:07.56,76.26460612,0.000119,0.00907548,FILL,SELL
7476528,BTC-TIX,2018-01-25T06:26:07.56,64.02003319,0.0001192,0.00763118,FILL,SELL
7476527,BTC-TIX,2018-01-25T06:26:07.56,166.5,0.00012039,0.02004493,FILL,SELL
7476526,BTC-TIX,2018-01-25T06:26:07.56,1000.0,0.0001207,0.1207,FILL,SELL
7476525,BTC-TIX,2018-01-25T06:26:07.56,119.88347275,0.0001207,0.01446993,FILL,SELL
7476524,BTC-TIX,2018-01-25T06:26:07.56,722.02866208,0.00012071,0.08715607,FILL,SELL
7476523,BTC-TIX,2018-01-25T06:26:07.56,100.01676656,0.00012104,0.01210602,FILL,SELL
7476522,BTC-TIX,2018-01-25T06:26:07.56,4.75423552,0.0001222,0.00058096,FILL,SELL
7476521,BTC-TIX,2018-01-25T06:26:07.56,10.0,0.0001222,0.001222,FILL,SELL
7476500,BTC-TIX,2018-01-25T06:25:51.043,4.72480838,0.00012251,0.00057883,FILL,BUY
7476352,BTC-TIX,2018-01-25T06:21:47.557,250.0,0.00012253,0.0306325,FILL,BUY
7476241,BTC-TIX,2018-01-25T06:17:52.803,14.64757709,0.00012258,0.00179549,FILL,BUY
7476152,BTC-TIX,2018-01-25T06:15:42.193,43.89431155,0.00012267,0.00538451,FILL,BUY
7476151,BTC-TIX,2018-01-25T06:15:42.193,14.58854634,0.00012266,0.00178943,PARTIAL_FILL,BUY
7475951,BTC-TIX,2018-01-25T06:10:29.53,5.76470588,0.00012308,0.00070951,FILL,BUY
7475858,BTC-TIX,2018-01-25T06:06:42.073,20.35325223,0.00012131,0.00246905,PARTIAL_FILL,SELL
7475633,BTC-TIX,2018-01-25T06:03:15.557,70.54999139,0.00012159,0.00857817,FILL,SELL
7475632,BTC-TIX,2018-01-25T06:03:15.557,12.10330258,0.00012248,0.00148241,FILL,SELL
7475631,BTC-TIX,2018-01-25T06:03:15.557,39.77166857,0.0001225,0.00487202,FILL,SELL
7475630,BTC-TIX,2018-01-25T06:03:14.68,353.20122906,0.0001229,0.04340843,FILL,SELL
7475577,BTC-TIX,2018-01-25T06:01:34.587,16.65904802,0.0001229,0.00204739,PARTIAL_FILL,SELL
7475574,BTC-TIX,2018-01-25T06:01:30.773,283.34095198,0.00012291,0.03482543,FILL,SELL
7475572,BTC-TIX,2018-01-25T06:01:29.727,33.26766968,0.0001229,0.00408859,PARTIAL_FILL,SELL
7475548,BTC-TIX,2018-01-25T06:00:50.193,300.0,0.0001229,0.03687,PARTIAL_FILL,SELL
7475543,BTC-TIX,2018-01-25T06:00:42.413,300.0,0.0001229,0.03687,PARTIAL_FILL,SELL
7475541,BTC-TIX,2018-01-25T06:00:40.693,145.93633314,0.0001229,0.01793557,PARTIAL_FILL,SELL
7475540,BTC-TIX,2018-01-25T06:00:40.693,25.03830513,0.0001229,0.0030772,FILL,SELL
7475539,BTC-TIX,2018-01-25T06:00:40.68,129.02536173,0.0001229,0.01585721,FILL,SELL
7475537,BTC-TIX,2018-01-25T06:00:40.29,300.0,0.0001231,0.03693,FILL,SELL
7475528,BTC-TIX,2018-01-25T06:00:26.227,159.36229607,0.00012311,0.01961909,FILL,SELL
7475324,BTC-TIX,2018-01-25T05:53:19.97,163.90755613,0.0001229,0.02014423,PARTIAL_FILL,SELL
7475265,BTC-TIX,2018-01-25T05:51:08.157,33.26766968,0.0001228,0.00408526,PARTIAL_FILL,SELL
7475264,BTC-TIX,2018-01-25T05:51:08.11,33.26766968,0.0001228,0.00408526,PARTIAL_FILL,SELL
7475263,BTC-TIX,2018-01-25T05:51:08.063,33.26766968,0.0001228,0.00408526,PARTIAL_FILL,SELL
7475255,BTC-TIX,2018-01-25T05:50:55.907,33.26766968,0.00012394,0.00412319,FILL,SELL
7475252,BTC-TIX,2018-01-25T05:50:54.123,83.481928,0.00012394,0.01034675,PARTIAL_FILL,BUY
7475185,BTC-TIX,2018-01-25T05:49:01.45,37.0,0.00012394,0.00458578,FILL,BUY
7474663,BTC-TIX,2018-01-25T05:31:55.613,16.45007402,0.00012248,0.0020148,PARTIAL_FILL,SELL
7474509,BTC-TIX,2018-01-25T05:29:27.55,152.78596655,0.00012394,0.01893629,FILL,BUY
7474508,BTC-TIX,2018-01-25T05:29:27.55,129.70975174,0.00012393,0.01607492,PARTIAL_FILL,BUY
7474489,BTC-TIX,2018-01-25T05:29:14.487,612.22580952,0.00012394,0.07587926,FILL,SELL
7474487,BTC-TIX,2018-01-25T05:29:12.41,300.0,0.00012394,0.037182,PARTIAL_FILL,BUY
7474326,BTC-TIX,2018-01-25T05:27:37.94,74.22541334,0.00012393,0.00919875,FILL,BUY
7474286,BTC-TIX,2018-01-25T05:27:09.953,890.65636908,0.00012393,0.11037904,FILL,BUY
7474285,BTC-TIX,2018-01-25T05:27:09.953,0.46375317,0.00012392,5.746e-05,PARTIAL_FILL,BUY
7474250,BTC-TIX,2018-01-25T05:26:23.267,21.81228811,0.00012392,0.00270297,FILL,BUY
7474249,BTC-TIX,2018-01-25T05:26:23.267,163.23024054,0.00012392,0.02022749,PARTIAL_FILL,BUY
7474243,BTC-TIX,2018-01-25T05:26:11.923,95.29595626,0.00012192,0.01161848,PARTIAL_FILL,SELL
7474242,BTC-TIX,2018-01-25T05:26:11.923,163.23024054,0.00012222,0.01994999,FILL,SELL
7473958,BTC-TIX,2018-01-25T05:16:27.54,69.57675043,0.00012187,0.00847931,FILL,BUY
7473919,BTC-TIX,2018-01-25T05:11:54.773,73.07060755,0.0001218,0.00889999,FILL,BUY
7473894,BTC-TIX,2018-01-25T05:08:17.013,129.3,0.00012177,0.01574486,FILL,BUY
7473864,BTC-TIX,2018-01-25T05:03:46.953,156.24511207,0.00012168,0.0190119,FILL,BUY
7473854,BTC-TIX,2018-01-25T05:02:51.83,100.18640258,0.00012167,0.01218967,PARTIAL_FILL,SELL
7473853,BTC-TIX,2018-01-25T05:02:26.457,58.86348561,0.00012167,0.00716192,PARTIAL_FILL,BUY
7473846,BTC-TIX,2018-01-25T05:01:22.143,13.9320475,0.00012167,0.00169511,FILL,BUY
7473809,BTC-TIX,2018-01-25T04:57:15.397,72.79553312,0.00012039,0.00876385,PARTIAL_FILL,SELL
7473679,BTC-TIX,2018-01-25T04:46:02,65.53970721,0.00012012,0.00787262,PARTIAL_FILL,SELL
7473673,BTC-TIX,2018-01-25T04:45:39.47,47.21298639,0.00012009,0.0056698,PARTIAL_FILL,SELL
7473672,BTC-TIX,2018-01-25T04:45:39.47,10.01221917,0.00012011,0.00120256,FILL,SELL
7473623,BTC-TIX,2018-01-25T04:43:32.737,50.0,0.00012005,0.0060025,PARTIAL_FILL,SELL
7473450,BTC-TIX,2018-01-25T04:35:21.163,6.15280575,0.00012208,0.00075113,PARTIAL_FILL,BUY
7473449,BTC-TIX,2018-01-25T04:35:21.163,119.13634772,0.00012158,0.01448459,PARTIAL_FILL,BUY
7473444,BTC-TIX,2018-01-25T04:35:11.993,300.0,0.00012158,0.036474,FILL,SELL
7473421,BTC-TIX,2018-01-25T04:34:18.807,173.91201871,0.00012158,0.02114422,FILL,SELL
7473317,BTC-TIX,2018-01-25T04:31:16.247,8.29393713,0.00012158,0.00100837,PARTIAL_FILL,SELL
7473311,BTC-TIX,2018-01-25T04:31:11.543,182.20595584,0.00012158,0.0221526,FILL,BUY
7473307,BTC-TIX,2018-01-25T04:30:58.857,8.29393713,0.00012155,0.00100812,PARTIAL_FILL,SELL
7473305,BTC-TIX,2018-01-25T04:30:42.217,8.29393713,0.00012155,0.00100812,PARTIAL_FILL,SELL
7473294,BTC-TIX,2018-01-25T04:30:31.183,428.58734106,0.00012155,0.05209479,FILL,BUY
7473291,BTC-TIX,2018-01-25T04:30:28.433,1641.13533525,0.00012155,0.19947999,FILL,BUY
7473254,BTC-TIX,2018-01-25T04:29:14.233,427.40663348,0.00012155,0.05195127,FILL,BUY
7473239,BTC-TIX,2018-01-25T04:28:52.42,8.25655903,0.00012155,0.00100358,FILL,BUY
7473122,BTC-TIX,2018-01-25T04:24:33.47,8.22706705,0.00012155,0.00099999,FILL,BUY
7473069,BTC-TIX,2018-01-25T04:22:55.503,24.68120115,0.00012155,0.00299999,FILL,BUY
7473060,BTC-TIX,2018-01-25T04:22:40.317,400.0,0.00011998,0.047992,PARTIAL_FILL,SELL
7473033,BTC-TIX,2018-01-25T04:21:57.533,203.97515394,0.00012057,0.02459328,FILL,BUY
7473020,BTC-TIX,2018-01-25T04:21:40.673,564.76485921,0.00012057,0.06809369,FILL,BUY
7473019,BTC-TIX,2018-01-25T04:21:40.66,15.58257635,0.00012057,0.00187879,PARTIAL_FILL,BUY
7473006,BTC-TIX,2018-01-25T04:21:10.47,288.23778294,0.00012057,0.03475282,FILL,BUY
7473004,BTC-TIX,2018-01-25T04:21:10.41,8.29393713,0.00012057,0.00099999,FILL,BUY
7473002,BTC-TIX,2018-01-25T04:21:07.77,8.29393713,0.00012057,0.00099999,FILL,BUY
7472999,BTC-TIX,2018-01-25T04:21:00.457,8.29393713,0.00012057,0.00099999,FILL,BUY
7472995,BTC-TIX,2018-01-25T04:20:53.817,6.15280575,0.00012057,0.00074184,FILL,SELL
7472982,BTC-TIX,2018-01-25T04:20:31.77,21.98662892,0.000121,0.00266038,FILL,BUY
7472981,BTC-TIX,2018-01-25T04:20:31.77,30.90103767,0.000121,0.00373902,PARTIAL_FILL,BUY
7472933,BTC-TIX,2018-01-25T04:20:08.537,52.88766659,0.000121,0.0063994,FILL,BUY
7472851,BTC-TIX,2018-01-25T04:18:41.723,76.4208095,0.000121,0.00924691,FILL,SELL
7472845,BTC-TIX,2018-01-25T04:18:24.74,595.32973407,0.00012155,0.07236232,FILL,BUY
7472825,BTC-TIX,2018-01-25T04:18:07.41,167.38118513,0.00012155,0.02034518,FILL,BUY
7472722,BTC-TIX,2018-01-25T04:15:21.04,8.63611256,0.00012158,0.00104997,FILL,BUY
7472296,BTC-TIX,2018-01-25T04:09:00.54,4191.61677,0.00012158,0.50961676,FILL,BUY
7472254,BTC-TIX,2018-01-25T04:08:46.4,39.29660408,0.00012158,0.00477768,FILL,BUY
7472253,BTC-TIX,2018-01-25T04:08:46.4,125.20413617,0.00012158,0.01522231,PARTIAL_FILL,BUY
7472232,BTC-TIX,2018-01-25T04:08:38.273,113.88841598,0.00012158,0.01384655,FILL,BUY
7472140,BTC-TIX,2018-01-25T04:07:37.917,9.91489454,0.00012158,0.00120545,FILL,BUY
7472114,BTC-TIX,2018-01-25T04:07:25.527,13.0,0.00012158,0.00158054,FILL,BUY
7472003,BTC-TIX,2018-01-25T04:06:21.557,16.45007402,0.00012158,0.00199999,FILL,BUY
7471976,BTC-TIX,2018-01-25T04:06:01.273,4.02273889,0.000121,0.00048675,PARTIAL_FILL,SELL
7471975,BTC-TIX,2018-01-25T04:06:01.273,60.88544102,0.00012157,0.00740184,FILL,SELL
7471966,BTC-TIX,2018-01-25T04:05:56.243,332.08035929,0.00012158,0.04037433,FILL,SELL
7471955,BTC-TIX,2018-01-25T04:05:46.04,81.15565654,0.00012202,0.00990261,FILL,BUY
7471736,BTC-TIX,2018-01-25T04:03:14.227,8.1953778,0.00012202,0.00099999,FILL,BUY
7471734,BTC-TIX,2018-01-25T04:03:13.947,8.1953778,0.00012202,0.00099999,FILL,BUY
7471526,BTC-TIX,2018-01-25T04:01:13.76,8174.06982462,0.00012202,0.9974,FILL,BUY
7471524,BTC-TIX,2018-01-25T04:01:07.837,1217.15151018,0.00012202,0.14851682,FILL,BUY
7471508,BTC-TIX,2018-01-25T04:00:44.93,163.90755613,0.00012202,0.01999999,FILL,BUY
7471472,BTC-TIX,2018-01-25T03:59:54.1,76.95427798,0.00012202,0.00938996,FILL,BUY
7471467,BTC-TIX,2018-01-25T03:59:50.837,424.46993116,0.00012202,0.05179382,FILL,BUY
7471465,BTC-TIX,2018-01-25T03:59:50.727,2643.13086635,0.00012202,0.32251482,FILL,BUY
7471463,BTC-TIX,2018-01-25T03:59:50.663,208.44448451,0.00012202,0.02543439,FILL,BUY
7471460,BTC-TIX,2018-01-25T03:59:50.26,98.62051303,0.00012202,0.01203367,FILL,BUY
7471457,BTC-TIX,2018-01-25T03:59:49.947,1672.57405213,0.00012202,0.20408748,FILL,BUY
7471456,BTC-TIX,2018-01-25T03:59:49.947,39.25198619,0.00012202,0.00478952,PARTIAL_FILL,BUY
7471455,BTC-TIX,2018-01-25T03:59:49.947,596.43842072,0.00012202,0.07277741,PARTIAL_FILL,BUY
7471454,BTC-TIX,2018-01-25T03:59:49.947,143.96249952,0.00012201,0.01756486,PARTIAL_FILL,BUY
7471452,BTC-TIX,2018-01-25T03:59:49.57,40.76516145,0.00012201,0.00497375,FILL,BUY
7471450,BTC-TIX,2018-01-25T03:59:49.557,515.83664493,0.00012201,0.06293722,FILL,BUY
7471449,BTC-TIX,2018-01-25T03:59:49.557,37.96687089,0.000122,0.00463195,PARTIAL_FILL,BUY
7471439,BTC-TIX,2018-01-25T03:59:22.677,19.38262032,0.00012202,0.00236506,FILL,BUY
7471366,BTC-TIX,2018-01-25T03:57:16.427,16.39075561,0.00012202,0.00199999,FILL,BUY
7471349,BTC-TIX,2018-01-25T03:56:50.973,12.4937795,0.000122,0.00152424,FILL,SELL
7471328,BTC-TIX,2018-01-25T03:55:52.723,67.94976889,0.000122,0.00828987,PARTIAL_FILL,SELL
7471311,BTC-TIX,2018-01-25T03:55:23.393,89.32961809,0.00012202,0.01089999,FILL,BUY
7471298,BTC-TIX,2018-01-25T03:54:58.927,5.58298427,0.00012202,0.00068123,FILL,BUY
7471292,BTC-TIX,2018-01-25T03:54:46.597,596.97544624,0.00012202,0.07284294,FILL,SELL
7470990,BTC-TIX,2018-01-25T03:44:32.307,16.08741883,0.0001232,0.00198196,FILL,BUY
7470952,BTC-TIX,2018-01-25T03:42:43.693,5.0429727,0.00012202,0.00061534,PARTIAL_FILL,SELL
7470919,BTC-TIX,2018-01-25T03:41:51.77,30.0,0.00012321,0.0036963,FILL,BUY
7470802,BTC-TIX,2018-01-25T03:40:10.393,35.56428955,0.00012324,0.00438294,FILL,SELL
7470725,BTC-TIX,2018-01-25T03:38:14.923,234.74581639,0.00012324,0.02893007,PARTIAL_FILL,SELL
7470724,BTC-TIX,2018-01-25T03:38:14.923,936.71986861,0.00012324,0.11544135,FILL,SELL
7470723,BTC-TIX,2018-01-25T03:38:14.923,20.20107473,0.00012324,0.00248958,FILL,SELL
7470722,BTC-TIX,2018-01-25T03:38:14.923,276.67664364,0.00012324,0.03409762,FILL,SELL
7470692,BTC-TIX,2018-01-25T03:37:03.827,381.7386627,0.00012388,0.04728978,FILL,BUY
7470559,BTC-TIX,2018-01-25T03:30:42.75,94.35013711,0.00012324,0.01162771,PARTIAL_FILL,SELL
7470528,BTC-TIX,2018-01-25T03:29:02.7,9.91003744,0.00012349,0.00122379,FILL,BUY
7470524,BTC-TIX,2018-01-25T03:28:44.933,32.85510014,0.00012349,0.00405727,FILL,BUY
7470523,BTC-TIX,2018-01-25T03:28:44.933,148.15427616,0.00012349,0.01829557,PARTIAL_FILL,BUY
7470489,BTC-TIX,2018-01-25T03:26:46.723,8.90760385,0.00012349,0.00109999,FILL,BUY
7470472,BTC-TIX,2018-01-25T03:25:42.317,68.47698567,0.0001235,0.0084569,FILL,SELL
7470425,BTC-TIX,2018-01-25T03:22:06.383,40.54675854,0.00012324,0.00499698,PARTIAL_FILL,SELL
7470319,BTC-TIX,2018-01-25T03:13:48.737,188.48026038,0.00012324,0.0232283,PARTIAL_FILL,SELL
7470241,BTC-TIX,2018-01-25T03:09:17.867,345.71218135,0.00012324,0.04260556,PARTIAL_FILL,SELL
7470240,BTC-TIX,2018-01-25T03:09:17.867,70.94176712,0.00012324,0.00874286,FILL,SELL
7470207,BTC-TIX,2018-01-25T03:08:16.6,10.20071908,0.00012324,0.00125713,PARTIAL_FILL,SELL
7470001,BTC-TIX,2018-01-25T03:00:30.107,634.84438118,0.00012305,0.0781176,FILL,SELL
7469994,BTC-TIX,2018-01-25T03:00:07.28,168.45820632,0.00012466,0.02099999,FILL,BUY
7469988,BTC-TIX,2018-01-25T02:59:16.53,394.04994132,0.00012305,0.04848784,PARTIAL_FILL,BUY
7469984,BTC-TIX,2018-01-25T02:59:10.25,105.95005868,0.00012305,0.01303715,FILL,BUY
7469983,BTC-TIX,2018-01-25T02:59:10.25,119.402985,0.00012305,0.01469253,PARTIAL_FILL,BUY
7469980,BTC-TIX,2018-01-25T02:59:06.593,10.20071908,0.0001221,0.0012455,PARTIAL_FILL,SELL
7469873,BTC-TIX,2018-01-25T02:54:58.097,72.37303222,0.00012202,0.00883095,PARTIAL_FILL,SELL
7469832,BTC-TIX,2018-01-25T02:54:30.66,25.41588134,0.00012202,0.00310124,PARTIAL_FILL,SELL
7469831,BTC-TIX,2018-01-25T02:54:30.66,24.58411866,0.00012203,0.003,FILL,SELL
7469830,BTC-TIX,2018-01-25T02:54:29.207,37.38317757,0.00012304,0.00459962,FILL,BUY
7469819,BTC-TIX,2018-01-25T02:54:24.177,286.17656858,0.00012202,0.03491926,PARTIAL_FILL,SELL
7469818,BTC-TIX,2018-01-25T02:54:11.613,333.71046361,0.00012203,0.04072268,FILL,SELL
7469811,BTC-TIX,2018-01-25T02:53:47.207,119.04761904,0.00012203,0.01452738,PARTIAL_FILL,SELL
7469810,BTC-TIX,2018-01-25T02:53:40.13,142.98120144,0.00012203,0.01744799,PARTIAL_FILL,SELL
7469809,BTC-TIX,2018-01-25T02:53:40.13,138.75424805,0.00012261,0.01701265,FILL,SELL
7469808,BTC-TIX,2018-01-25T02:53:37.193,8.10646078,0.00012298,0.00099693,FILL,SELL
7469807,BTC-TIX,2018-01-25T02:53:34.88,61.64469748,0.00012298,0.00758106,PARTIAL_FILL,SELL
7469806,BTC-TIX,2018-01-25T02:53:34.88,258.15453236,0.000123,0.031753,FILL,SELL
7469805,BTC-TIX,2018-01-25T02:53:34.863,300.14437394,0.000123,0.03691775,FILL,SELL
7469804,BTC-TIX,2018-01-25T02:53:34.863,8.10646078,0.00012305,0.00099749,FILL,SELL
7469799,BTC-TIX,2018-01-25T02:53:23.52,119.04761904,0.000123,0.01464285,PARTIAL_FILL,SELL
7469798,BTC-TIX,2018-01-25T02:53:20.473,580.80800702,0.000123,0.07143938,PARTIAL_FILL,SELL
7469797,BTC-TIX,2018-01-25T02:53:20.473,53.93973538,0.000123,0.00663458,FILL,SELL
7469794,BTC-TIX,2018-01-25T02:53:12.02,26.50381301,0.000123,0.00325996,PARTIAL_FILL,SELL
7469793,BTC-TIX,2018-01-25T02:53:09.083,5.05251653,0.00012308,0.00062186,FILL,BUY
7469787,BTC-TIX,2018-01-25T02:53:00.147,22.27604128,0.00012309,0.00274195,FILL,BUY
7469785,BTC-TIX,2018-01-25T02:52:56.507,90.35080859,0.0001231,0.01112218,FILL,SELL
7469765,BTC-TIX,2018-01-25T02:50:28.273,50.0,0.00012499,0.0062495,FILL,BUY
7469758,BTC-TIX,2018-01-25T02:50:14.243,23.4729975,0.000125,0.00293412,FILL,SELL
7469757,BTC-TIX,2018-01-25T02:50:11.57,1492.8666021,0.00012523,0.18695168,FILL,SELL
7469755,BTC-TIX,2018-01-25T02:50:09.62,5.05107864,0.00012523,0.00063254,PARTIAL_FILL,BUY
7469754,BTC-TIX,2018-01-25T02:50:09.62,23.65322231,0.000125,0.00295665,PARTIAL_FILL,BUY
7469728,BTC-TIX,2018-01-25T02:49:05.637,168.32750812,0.00012312,0.02072448,PARTIAL_FILL,BUY
7469726,BTC-TIX,2018-01-25T02:49:04.79,614.03508771,0.00012312,0.07559999,FILL,BUY
7469719,BTC-TIX,2018-01-25T02:48:51.4,5.05107864,0.00012312,0.00062188,FILL,BUY
7469715,BTC-TIX,2018-01-25T02:48:48.73,767.92936412,0.00012313,0.09455514,FILL,SELL
7469712,BTC-TIX,2018-01-25T02:48:42.667,87.21584604,0.00012312,0.01073801,PARTIAL_FILL,BUY
7469709,BTC-TIX,2018-01-25T02:48:39.15,500.0,0.00012312,0.06156,FILL,SELL
7469580,BTC-TIX,2018-01-25T02:45:42,28.6134581,0.00012306,0.00352117,PARTIAL_FILL,SELL
7469579,BTC-TIX,2018-01-25T02:45:42,9.57339236,0.00012307,0.00117819,FILL,SELL
7469578,BTC-TIX,2018-01-25T02:45:42,137.94164411,0.00012478,0.01721235,FILL,SELL
7469577,BTC-TIX,2018-01-25T02:45:36,1341.96274871,0.00012478,0.16745011,PARTIAL_FILL,SELL
7469480,BTC-TIX,2018-01-25T02:42:42.563,394.36229936,0.00012647,0.049875,FILL,BUY
7469432,BTC-TIX,2018-01-25T02:42:12.877,214.74983755,0.00012478,0.02679648,PARTIAL_FILL,SELL
7469431,BTC-TIX,2018-01-25T02:42:12.877,411.46848603,0.00012479,0.05134715,FILL,SELL
7469429,BTC-TIX,2018-01-25T02:42:12.737,88.53151397,0.00012479,0.01104784,PARTIAL_FILL,SELL
7469407,BTC-TIX,2018-01-25T02:42:03.487,37.36192332,0.00012478,0.00466202,PARTIAL_FILL,SELL
7469402,BTC-TIX,2018-01-25T02:42:02.72,64.97725795,0.00012478,0.00810786,PARTIAL_FILL,SELL
7469382,BTC-TIX,2018-01-25T02:41:51.143,90.5924906,0.00012527,0.01134852,FILL,SELL
7469381,BTC-TIX,2018-01-25T02:41:50.05,63.48198698,0.00012602,0.00799999,FILL,SELL
7469380,BTC-TIX,2018-01-25T02:41:50.05,532.33431622,0.00012602,0.06708477,FILL,SELL
7469371,BTC-TIX,2018-01-25T02:40:48.817,1870.10592696,0.00012602,0.23567074,PARTIAL_FILL,SELL
7469370,BTC-TIX,2018-01-25T02:40:48.817,696.500374,0.00012603,0.08777994,FILL,SELL
7469369,BTC-TIX,2018-01-25T02:40:48.817,288.91088478,0.00012604,0.03641432,FILL,SELL
7469368,BTC-TIX,2018-01-25T02:40:48.817,437.50397671,0.00012644,0.055318,FILL,SELL
7469367,BTC-TIX,2018-01-25T02:40:47.99,191.71355207,0.00012644,0.02424026,PARTIAL_FILL,BUY
7469351,BTC-TIX,2018-01-25T02:40:12.583,1244.84874568,0.00012602,0.15687583,PARTIAL_FILL,BUY
7469350,BTC-TIX,2018-01-25T02:40:12.583,927.53842443,0.00012528,0.11620201,PARTIAL_FILL,BUY
7469330,BTC-TIX,2018-01-25T02:39:37.537,0.55434529,0.00012528,6.944e-05,FILL,SELL
7469323,BTC-TIX,2018-01-25T02:39:23.74,340.0,0.00012528,0.0425952,PARTIAL_FILL,SELL
7469321,BTC-TIX,2018-01-25T02:39:22.38,258.5261968,0.00012602,0.03257947,FILL,BUY
7469274,BTC-TIX,2018-01-25T02:37:37.727,5.05025772,0.00012527,0.00063264,PARTIAL_FILL,BUY
7469257,BTC-TIX,2018-01-25T02:37:29.557,68.33936187,0.00012482,0.00853011,FILL,BUY
7469249,BTC-TIX,2018-01-25T02:37:23.773,96.499626,0.00012479,0.01204218,PARTIAL_FILL,SELL
7469166,BTC-TIX,2018-01-25T02:34:44.65,154.0,0.00012478,0.01921612,PARTIAL_FILL,BUY
7469144,BTC-TIX,2018-01-25T02:33:58.2,50.65981802,0.00012476,0.00632031,PARTIAL_FILL,BUY
7469088,BTC-TIX,2018-01-25T02:32:31.797,586.26211504,0.00012477,0.07314792,FILL,SELL
7469076,BTC-TIX,2018-01-25T02:32:05.53,396.0870143,0.00012477,0.04941977,PARTIAL_FILL,BUY
7469075,BTC-TIX,2018-01-25T02:32:05.53,244.61591776,0.00012476,0.03051828,PARTIAL_FILL,BUY
7469007,BTC-TIX,2018-01-25T02:28:47.437,3.03081551,0.0001231,0.00037309,PARTIAL_FILL,SELL
7469006,BTC-TIX,2018-01-25T02:28:47.437,16.75649691,0.0001231,0.00206272,FILL,SELL
7469005,BTC-TIX,2018-01-25T02:28:47.437,40.21268758,0.0001231,0.00495018,FILL,SELL
7468589,BTC-TIX,2018-01-25T02:19:56.963,2.22249173,0.0001231,0.00027358,PARTIAL_FILL,SELL
7468588,BTC-TIX,2018-01-25T02:19:56.963,58.017,0.00012312,0.00714305,FILL,SELL
7468587,BTC-TIX,2018-01-25T02:19:56.963,1e-08,0.00012429,0.0,FILL,SELL
7468554,BTC-TIX,2018-01-25T02:19:06.827,24.13709871,0.00012429,0.00299999,PARTIAL_FILL,SELL
7468437,BTC-TIX,2018-01-25T02:17:04.657,7.99220786,0.00012312,0.000984,FILL,BUY
7468436,BTC-TIX,2018-01-25T02:17:04.657,8.78126247,0.00012312,0.00108114,PARTIAL_FILL,BUY
7468435,BTC-TIX,2018-01-25T02:17:04.657,41.24317726,0.00012312,0.00507785,PARTIAL_FILL,BUY
7468360,BTC-TIX,2018-01-25T02:15:26.063,13.0,0.00012312,0.00160056,FILL,BUY
7468238,BTC-TIX,2018-01-25T02:13:40.203,1620.20792723,0.00012312,0.19948,FILL,BUY
7468236,BTC-TIX,2018-01-25T02:13:40.127,5.0,0.00012312,0.0006156,FILL,BUY
7468234,BTC-TIX,2018-01-25T02:13:38.05,1741.59207821,0.00012312,0.21442481,FILL,BUY
7468224,BTC-TIX,2018-01-25T02:13:24.237,1620.20792723,0.00012312,0.19948,FILL,BUY
7468218,BTC-TIX,2018-01-25T02:13:13.72,810.10396361,0.00012312,0.09973999,FILL,BUY
7468216,BTC-TIX,2018-01-25T02:13:12,120.40939193,0.00012312,0.0148248,FILL,BUY
7468208,BTC-TIX,2018-01-25T02:12:47.923,1620.20792723,0.00012312,0.19948,FILL,BUY
7468202,BTC-TIX,2018-01-25T02:12:46.097,1796.40718562,0.00012312,0.22117365,FILL,BUY
7468200,BTC-TIX,2018-01-25T02:12:43.173,600.89803814,0.00012312,0.07398256,FILL,BUY
7468188,BTC-TIX,2018-01-25T02:12:31.127,81.22157244,0.00012312,0.00999999,FILL,BUY
7468184,BTC-TIX,2018-01-25T02:12:25.957,64.97725795,0.00012312,0.00799999,FILL,BUY
7468178,BTC-TIX,2018-01-25T02:12:21.97,4.71596043,0.0001231,0.00058053,PARTIAL_FILL,SELL
7468148,BTC-TIX,2018-01-25T02:11:59.893,121.0,0.00012312,0.01489752,FILL,BUY
7468146,BTC-TIX,2018-01-25T02:11:59.66,291.06295716,0.00012312,0.03583567,FILL,BUY
7468145,BTC-TIX,2018-01-25T02:11:59.66,335.15536642,0.00012312,0.04126432,PARTIAL_FILL,BUY
7468139,BTC-TIX,2018-01-25T02:11:49.707,154.0,0.00012311,0.01895894,PARTIAL_FILL,SELL
7468127,BTC-TIX,2018-01-25T02:11:25.363,88.53151397,0.00012312,0.01089999,FILL,BUY
7468113,BTC-TIX,2018-01-25T02:11:11.27,37.36192332,0.00012312,0.00459999,FILL,BUY
7468099,BTC-TIX,2018-01-25T02:11:00.193,5.05025772,0.00012312,0.00062178,FILL,BUY
7468087,BTC-TIX,2018-01-25T02:10:50.113,15.14580262,0.00012312,0.00186475,FILL,SELL
7468069,BTC-TIX,2018-01-25T02:10:23.35,1159.81419748,0.00012312,0.14279632,PARTIAL_FILL,SELL
7468068,BTC-TIX,2018-01-25T02:10:23.35,340.18580252,0.00012313,0.04188707,FILL,SELL
7467904,BTC-TIX,2018-01-25T02:06:29.323,54.40890511,0.00012312,0.00669882,PARTIAL_FILL,SELL
7467899,BTC-TIX,2018-01-25T02:06:27.887,8.60787149,0.00012312,0.0010598,PARTIAL_FILL,SELL
7467898,BTC-TIX,2018-01-25T02:06:27.887,45.80103362,0.00012312,0.00563902,FILL,SELL
7467897,BTC-TIX,2018-01-25T02:06:26.62,54.40890511,0.00012312,0.00669882,PARTIAL_FILL,SELL
7467896,BTC-TIX,2018-01-25T02:06:26.573,54.40890511,0.00012312,0.00669882,PARTIAL_FILL,SELL
7467895,BTC-TIX,2018-01-25T02:06:26.51,30.7556828,0.00012312,0.00378663,PARTIAL_FILL,SELL
7467894,BTC-TIX,2018-01-25T02:06:26.51,23.65322231,0.00012312,0.00291218,FILL,SELL
7467842,BTC-TIX,2018-01-25T02:05:45.51,16.24102952,0.00012478,0.00202655,FILL,BUY
7467653,BTC-TIX,2018-01-25T02:01:05.5,252.62117038,0.00012478,0.03152206,FILL,BUY
7467652,BTC-TIX,2018-01-25T02:01:05.5,14.15657577,0.00012477,0.00176631,PARTIAL_FILL,BUY
7467651,BTC-TIX,2018-01-25T02:01:05.5,21.46003676,0.00012477,0.00267756,PARTIAL_FILL,BUY
7467563,BTC-TIX,2018-01-25T01:59:40.38,83.40412117,0.0001231,0.01026704,PARTIAL_FILL,SELL
7467556,BTC-TIX,2018-01-25T01:59:33.927,25.09905105,0.0001231,0.00308969,PARTIAL_FILL,SELL
7467555,BTC-TIX,2018-01-25T01:59:33.927,243.31794994,0.00012311,0.02995487,FILL,SELL
7467554,BTC-TIX,2018-01-25T01:59:33.927,5.22344509,0.00012311,0.00064305,FILL,SELL
7467551,BTC-TIX,2018-01-25T01:59:30.52,324.13745106,0.00012478,0.04044587,FILL,BUY
7467550,BTC-TIX,2018-01-25T01:59:30.52,206.37682446,0.00012477,0.02574963,PARTIAL_FILL,BUY
7467505,BTC-TIX,2018-01-25T01:58:24.443,4.52576296,0.00012478,0.00056472,FILL,BUY
7467479,BTC-TIX,2018-01-25T01:57:23.57,106.40765754,0.00012429,0.0132254,PARTIAL_FILL,BUY
7467418,BTC-TIX,2018-01-25T01:55:07.947,0.00432169,0.00012429,5.3e-07,PARTIAL_FILL,BUY
7467414,BTC-TIX,2018-01-25T01:55:07.557,66.7457826,0.00012429,0.00829583,FILL,BUY
7467381,BTC-TIX,2018-01-25T01:54:51.93,203.55826254,0.00012478,0.02539999,FILL,BUY
7467225,BTC-TIX,2018-01-25T01:51:47.607,2645.12443796,0.00012479,0.33008507,FILL,BUY
7467224,BTC-TIX,2018-01-25T01:51:47.607,86.87127993,0.00012479,0.01084066,PARTIAL_FILL,BUY
7467144,BTC-TIX,2018-01-25T01:50:27.093,71.94002982,0.00012479,0.00897739,FILL,BUY
7467143,BTC-TIX,2018-01-25T01:50:27.093,514.81145831,0.00012479,0.06424332,PARTIAL_FILL,BUY
7467134,BTC-TIX,2018-01-25T01:50:16.217,52.88766658,0.00012479,0.00659985,FILL,BUY
7467123,BTC-TIX,2018-01-25T01:50:10.763,52.88766658,0.00012479,0.00659985,FILL,SELL
7467070,BTC-TIX,2018-01-25T01:49:39.373,0.14332404,0.00012348,1.769e-05,PARTIAL_FILL,BUY
7467063,BTC-TIX,2018-01-25T01:49:36.373,80.44354839,0.000124,0.009975,FILL,SELL
7467062,BTC-TIX,2018-01-25T01:49:36.373,79.8,0.000125,0.009975,FILL,SELL
7467058,BTC-TIX,2018-01-25T01:49:35.547,984.54514816,0.00012594,0.12399361,FILL,SELL
7467057,BTC-TIX,2018-01-25T01:49:35.547,106.40765754,0.00012601,0.01340842,FILL,SELL
7467056,BTC-TIX,2018-01-25T01:49:35.547,11.72032815,0.00012601,0.00147687,FILL,SELL
7467055,BTC-TIX,2018-01-25T01:49:35.547,290.68781517,0.00012601,0.03662957,FILL,SELL
7467037,BTC-TIX,2018-01-25T01:49:20.39,272.43415329,0.00012601,0.03432942,PARTIAL_FILL,SELL
7466911,BTC-TIX,2018-01-25T01:47:47.903,344.08131136,0.00012601,0.04335768,PARTIAL_FILL,SELL
7466907,BTC-TIX,2018-01-25T01:47:44.887,12.19599981,0.00012601,0.00153681,PARTIAL_FILL,SELL
7466895,BTC-TIX,2018-01-25T01:47:29.543,23.91372512,0.00012601,0.00301336,PARTIAL_FILL,SELL
7466880,BTC-TIX,2018-01-25T01:47:16.06,76.08349956,0.00012601,0.00958728,PARTIAL_FILL,SELL
7466876,BTC-TIX,2018-01-25T01:47:13.59,46.88965709,0.00012601,0.00590856,PARTIAL_FILL,SELL
7466867,BTC-TIX,2018-01-25T01:46:50.81,91.9405041,0.00012601,0.01158542,PARTIAL_FILL,SELL
7466853,BTC-TIX,2018-01-25T01:46:35.403,180.27549824,0.00012601,0.02271651,PARTIAL_FILL,SELL
7466747,BTC-TIX,2018-01-25T01:44:35.06,269.76292847,0.00012601,0.03399282,PARTIAL_FILL,SELL
7466547,BTC-TIX,2018-01-25T01:39:40.587,486.62505752,0.00012602,0.06132448,FILL,SELL
7466526,BTC-TIX,2018-01-25T01:38:59.337,80.37230584,0.00012602,0.01012851,PARTIAL_FILL,SELL
7466510,BTC-TIX,2018-01-25T01:38:02.413,95.0,0.00012602,0.0119719,PARTIAL_FILL,SELL
7466293,BTC-TIX,2018-01-25T01:34:35.757,305.15933871,0.00012731,0.03884983,FILL,BUY
7466267,BTC-TIX,2018-01-25T01:33:51.083,391.87891554,0.00012731,0.0498901,FILL,BUY
7466233,BTC-TIX,2018-01-25T01:33:17.537,593.04836643,0.00012731,0.07550098,FILL,BUY
7466228,BTC-TIX,2018-01-25T01:32:58.02,1477.78617238,0.00012731,0.18813695,FILL,BUY
7466224,BTC-TIX,2018-01-25T01:32:39.457,236.15660401,0.00012731,0.03006509,FILL,BUY
7466222,BTC-TIX,2018-01-25T01:32:32.817,117.23329425,0.00012731,0.01492497,FILL,BUY
7466218,BTC-TIX,2018-01-25T01:32:31.253,342.39100215,0.00012601,0.04314469,PARTIAL_FILL,SELL
7466214,BTC-TIX,2018-01-25T01:32:29.333,4081.63265,0.00012731,0.51963265,FILL,BUY
7466199,BTC-TIX,2018-01-25T01:32:16.393,338.1125128,0.000126,0.04260217,PARTIAL_FILL,SELL
7466198,BTC-TIX,2018-01-25T01:32:16.393,15.36885629,0.000126,0.00193647,FILL,SELL
7466193,BTC-TIX,2018-01-25T01:32:12.833,249.98044921,0.00012731,0.03182501,FILL,BUY
7466192,BTC-TIX,2018-01-25T01:32:12.833,136.56490152,0.00012731,0.01738607,PARTIAL_FILL,BUY
7466191,BTC-TIX,2018-01-25T01:32:12.833,396.89765363,0.0001273,0.05052507,PARTIAL_FILL,BUY
7466181,BTC-TIX,2018-01-25T01:31:51.58,646.7336256,0.000126,0.08148843,PARTIAL_FILL,SELL
7466180,BTC-TIX,2018-01-25T01:31:51.58,46.36709812,0.000126,0.00584225,FILL,SELL
7466148,BTC-TIX,2018-01-25T01:31:00.11,5.9682009,0.00012716,0.00075891,PARTIAL_FILL,SELL
7466147,BTC-TIX,2018-01-25T01:31:00.11,214.27400357,0.00012716,0.02724708,FILL,SELL
7466114,BTC-TIX,2018-01-25T01:30:20.157,1177.63301035,0.00012716,0.14974781,PARTIAL_FILL,SELL
7466106,BTC-TIX,2018-01-25T01:30:05.377,101.0045914,0.00012716,0.01284374,PARTIAL_FILL,SELL
7466105,BTC-TIX,2018-01-25T01:30:04.283,101.0045914,0.00012716,0.01284374,PARTIAL_FILL,SELL
7466080,BTC-TIX,2018-01-25T01:29:38.813,3.94570912,0.00012716,0.00050173,PARTIAL_FILL,BUY
7466079,BTC-TIX,2018-01-25T01:29:38.813,10.73681561,0.00012715,0.00136518,PARTIAL_FILL,BUY
7466078,BTC-TIX,2018-01-25T01:29:38.813,147.42751205,0.00012715,0.0187454,PARTIAL_FILL,BUY
7466077,BTC-TIX,2018-01-25T01:29:38.813,127.28360912,0.00012714,0.01618283,PARTIAL_FILL,BUY
7466065,BTC-TIX,2018-01-25T01:29:23.53,3.99899573,0.00012716,0.00050851,FILL,SELL
7466024,BTC-TIX,2018-01-25T01:28:45.953,88.44616499,0.00012653,0.01119109,FILL,BUY
7466022,BTC-TIX,2018-01-25T01:28:44.593,11.63935967,0.00012653,0.00147272,FILL,SELL
7466021,BTC-TIX,2018-01-25T01:28:44.593,101.0045914,0.00012653,0.01278011,FILL,SELL
7466020,BTC-TIX,2018-01-25T01:28:44.593,101.0045914,0.00012653,0.01278011,FILL,SELL
7465978,BTC-TIX,2018-01-25T01:27:25.807,101.0045914,0.00012653,0.01278011,FILL,BUY
7465947,BTC-TIX,2018-01-25T01:26:46.683,30.85220092,0.00012594,0.00388552,FILL,SELL
7465938,BTC-TIX,2018-01-25T01:26:40.823,637.51940456,0.00012594,0.08028919,PARTIAL_FILL,SELL
7465934,BTC-TIX,2018-01-25T01:26:40.197,4.03572169,0.00012594,0.00050825,PARTIAL_FILL,BUY
7465926,BTC-TIX,2018-01-25T01:26:39.307,16.03707772,0.00012588,0.00201874,FILL,BUY
7465925,BTC-TIX,2018-01-25T01:26:39.307,671.11108402,0.00012582,0.08443919,PARTIAL_FILL,BUY
7465914,BTC-TIX,2018-01-25T01:26:27.883,7.94470485,0.00012584,0.00099976,FILL,BUY
7465885,BTC-TIX,2018-01-25T01:26:02.573,170.05356687,0.0001245,0.02117166,FILL,BUY
7465880,BTC-TIX,2018-01-25T01:26:01.777,339.26252948,0.00012443,0.04221443,PARTIAL_FILL,SELL
7465867,BTC-TIX,2018-01-25T01:26:00.493,386.39908986,0.00012443,0.04807963,FILL,BUY
7465862,BTC-TIX,2018-01-25T01:25:59.463,24.10994133,0.00012443,0.00299999,FILL,SELL
7465857,BTC-TIX,2018-01-25T01:25:55.917,68.23543303,0.00012588,0.00858947,FILL,BUY
7465808,BTC-TIX,2018-01-25T01:24:39.617,70.76694072,0.0001244,0.0088034,FILL,BUY
7465807,BTC-TIX,2018-01-25T01:24:39.617,162.59168704,0.00012431,0.02021177,PARTIAL_FILL,BUY
7465806,BTC-TIX,2018-01-25T01:24:39.617,24.97668019,0.00012431,0.00310485,PARTIAL_FILL,BUY
7465797,BTC-TIX,2018-01-25T01:24:29.46,4.03572169,0.00012433,0.00050176,FILL,BUY
7465785,BTC-TIX,2018-01-25T01:24:21.96,512.70043526,0.0001244,0.06377993,FILL,BUY
7465784,BTC-TIX,2018-01-25T01:24:21.96,48.56333468,0.00012434,0.00603836,PARTIAL_FILL,BUY
7465778,BTC-TIX,2018-01-25T01:24:13.65,90.91262287,0.0001244,0.01130953,FILL,BUY
7465777,BTC-TIX,2018-01-25T01:24:13.65,162.59168704,0.00012439,0.02022477,PARTIAL_FILL,BUY
7465776,BTC-TIX,2018-01-25T01:24:13.633,62.59168704,0.00012439,0.00778577,PARTIAL_FILL,BUY
7465775,BTC-TIX,2018-01-25T01:24:13.633,162.59168704,0.00012439,0.02022477,PARTIAL_FILL,BUY
7465774,BTC-TIX,2018-01-25T01:24:13.633,323.1292517,0.00012438,0.04019081,PARTIAL_FILL,BUY
7465772,BTC-TIX,2018-01-25T01:24:09.6,16.03707772,0.0001244,0.00199501,FILL,SELL
7465771,BTC-TIX,2018-01-25T01:24:07.477,100.0,0.00012648,0.012648,FILL,BUY
7465690,BTC-TIX,2018-01-25T01:23:28.04,281.03489,0.00012367,0.03475558,PARTIAL_FILL,SELL
7465673,BTC-TIX,2018-01-25T01:23:22.85,396.89765363,0.00012348,0.04900892,PARTIAL_FILL,SELL
7465672,BTC-TIX,2018-01-25T01:23:22.85,323.1292517,0.00012348,0.03989999,FILL,SELL
7465671,BTC-TIX,2018-01-25T01:23:22.85,48.56333468,0.00012355,0.00599999,FILL,SELL
7465670,BTC-TIX,2018-01-25T01:23:22.85,645.46410941,0.00012357,0.07975999,FILL,SELL
7465643,BTC-TIX,2018-01-25T01:23:18.49,29.01240188,0.0001227,0.00355982,PARTIAL_FILL,SELL
7465642,BTC-TIX,2018-01-25T01:23:18.49,162.59168704,0.0001227,0.01994999,FILL,SELL
7465641,BTC-TIX,2018-01-25T01:23:18.49,407.49796251,0.0001227,0.04999999,FILL,SELL
7465640,BTC-TIX,2018-01-25T01:23:18.49,162.59168704,0.0001227,0.01994999,FILL,SELL
7465639,BTC-TIX,2018-01-25T01:23:18.49,162.59168704,0.0001227,0.01994999,FILL,SELL
7465638,BTC-TIX,2018-01-25T01:23:18.49,162.59168704,0.0001227,0.01994999,FILL,SELL
7465637,BTC-TIX,2018-01-25T01:23:18.49,101.0045914,0.00012344,0.012468,FILL,SELL
7465636,BTC-TIX,2018-01-25T01:23:18.49,226.17264548,0.00012354,0.02794136,FILL,SELL
7465604,BTC-TIX,2018-01-25T01:23:15.117,1153.62479134,0.00012268,0.14152668,PARTIAL_FILL,SELL
7465603,BTC-TIX,2018-01-25T01:23:15.117,57.92630936,0.00012394,0.00717938,FILL,SELL
7465602,BTC-TIX,2018-01-25T01:23:15.117,35.28710204,0.00012508,0.00441371,FILL,SELL
7465601,BTC-TIX,2018-01-25T01:23:15.117,68.33936187,0.00012552,0.00857795,FILL,SELL
7465600,BTC-TIX,2018-01-25T01:23:15.1,55.13112614,0.00012631,0.00696361,FILL,SELL
7465599,BTC-TIX,2018-01-25T01:23:15.1,29.87154934,0.00012695,0.00379219,FILL,SELL
7465587,BTC-TIX,2018-01-25T01:23:12.773,383.80199543,0.00012695,0.04872366,PARTIAL_FILL,SELL
7465586,BTC-TIX,2018-01-25T01:23:12.773,23.35387804,0.00012697,0.00296524,FILL,SELL
7465585,BTC-TIX,2018-01-25T01:23:12.773,204.23325924,0.00012697,0.02593149,FILL,SELL
7465584,BTC-TIX,2018-01-25T01:23:12.773,631.72922737,0.00012699,0.08022329,FILL,SELL
7465583,BTC-TIX,2018-01-25T01:23:12.773,157.06188001,0.00012702,0.01994999,FILL,SELL
7465479,BTC-TIX,2018-01-25T01:21:42.977,6.06994464,0.00012896,0.00078278,FILL,BUY
7465461,BTC-TIX,2018-01-25T01:21:10.787,29.14876966,0.00012697,0.00370101,PARTIAL_FILL,SELL
7465427,BTC-TIX,2018-01-25T01:19:59.333,100.0,0.00012697,0.012697,PARTIAL_FILL,SELL
7465334,BTC-TIX,2018-01-25T01:18:34.147,228.98306726,0.00012697,0.02907398,PARTIAL_FILL,SELL
7465333,BTC-TIX,2018-01-25T01:18:34.147,371.01693274,0.00012697,0.04710801,FILL,SELL
7465270,BTC-TIX,2018-01-25T01:17:35.973,135.54466881,0.00012695,0.01720739,PARTIAL_FILL,SELL
7465269,BTC-TIX,2018-01-25T01:17:35.973,14.98623519,0.000127,0.00190325,FILL,SELL
7465148,BTC-TIX,2018-01-25T01:16:22.847,68.3228549,0.00012658,0.0086483,FILL,BUY
7465145,BTC-TIX,2018-01-25T01:16:21.69,14.15657577,0.00012658,0.00179193,FILL,SELL
7465109,BTC-TIX,2018-01-25T01:15:42.99,153.49745669,0.00012652,0.01942049,PARTIAL_FILL,SELL
7465103,BTC-TIX,2018-01-25T01:15:33.91,127.28360912,0.00012651,0.01610264,PARTIAL_FILL,SELL
7465034,BTC-TIX,2018-01-25T01:14:20.927,10.73681562,0.00012639,0.00135702,PARTIAL_FILL,SELL
7464974,BTC-TIX,2018-01-25T01:13:18.27,48.14236119,0.00012923,0.00622143,FILL,SELL
7464967,BTC-TIX,2018-01-25T01:13:08.38,329.94717637,0.00012954,0.04274135,FILL,SELL
7464959,BTC-TIX,2018-01-25T01:12:41.397,290.6396151,0.00012954,0.03764945,PARTIAL_FILL,BUY
7464956,BTC-TIX,2018-01-25T01:12:41.037,139.27624092,0.00012954,0.01804184,FILL,SELL
7464955,BTC-TIX,2018-01-25T01:12:39.833,342.39100215,0.00013078,0.04477789,FILL,BUY
7464952,BTC-TIX,2018-01-25T01:12:36.427,69.82,0.00012954,0.00904448,PARTIAL_FILL,SELL
7464951,BTC-TIX,2018-01-25T01:12:34.443,1154.27776162,0.00012954,0.14952514,PARTIAL_FILL,SELL
7464948,BTC-TIX,2018-01-25T01:12:25.317,153.49745669,0.00012963,0.01989787,FILL,SELL
7464944,BTC-TIX,2018-01-25T01:12:15.71,63.19977418,0.00012954,0.00818689,PARTIAL_FILL,SELL
7464943,BTC-TIX,2018-01-25T01:12:15.71,577.72286117,0.00012957,0.07485555,FILL,SELL
7464942,BTC-TIX,2018-01-25T01:12:15.71,96.499626,0.00012959,0.01250538,FILL,SELL
7464941,BTC-TIX,2018-01-25T01:12:15.71,385.96734029,0.00012962,0.05002908,FILL,SELL
7464940,BTC-TIX,2018-01-25T01:12:15.71,415.90400301,0.00012963,0.05391363,FILL,SELL
7464917,BTC-TIX,2018-01-25T01:11:39.897,14.03265971,0.00012962,0.00181891,PARTIAL_FILL,SELL
7464898,BTC-TIX,2018-01-25T01:11:19.193,19.24635332,0.0001308,0.00251742,FILL,BUY
7464729,BTC-TIX,2018-01-25T01:09:43.117,126.41502778,0.00012957,0.01637959,PARTIAL_FILL,SELL
7464715,BTC-TIX,2018-01-25T01:09:38.053,10.0,0.00012957,0.0012957,PARTIAL_FILL,SELL
7464621,BTC-TIX,2018-01-25T01:08:10.413,274.55052913,0.00012955,0.03556802,PARTIAL_FILL,SELL
7464608,BTC-TIX,2018-01-25T01:08:02.65,274.55052913,0.00012954,0.03556527,PARTIAL_FILL,SELL
7464607,BTC-TIX,2018-01-25T01:08:01.697,707.95392559,0.00012954,0.09170835,PARTIAL_FILL,SELL
7464606,BTC-TIX,2018-01-25T01:08:01.667,274.55052913,0.00012954,0.03556527,PARTIAL_FILL,SELL
7464605,BTC-TIX,2018-01-25T01:08:01.633,274.55052913,0.00012954,0.03556527,PARTIAL_FILL,SELL
7464604,BTC-TIX,2018-01-25T01:08:01.32,27.85620963,0.00012954,0.00360849,PARTIAL_FILL,SELL
7464603,BTC-TIX,2018-01-25T01:08:00.587,274.55052913,0.0001308,0.0359112,FILL,SELL
7464602,BTC-TIX,2018-01-25T01:07:58.417,415.86654744,0.0001308,0.05439534,PARTIAL_FILL,BUY
7464596,BTC-TIX,2018-01-25T01:07:38.32,1350.84882221,0.00012954,0.17498895,PARTIAL_FILL,SELL
7464595,BTC-TIX,2018-01-25T01:07:38.32,2670.34561966,0.00012954,0.34591657,FILL,SELL
7464593,BTC-TIX,2018-01-25T01:07:36.07,4597.58371835,0.00012954,0.59557099,PARTIAL_FILL,SELL
7464592,BTC-TIX,2018-01-25T01:07:35.9,394.76373573,0.00012954,0.05113769,PARTIAL_FILL,SELL
7464591,BTC-TIX,2018-01-25T01:07:35.9,38.63966073,0.00012955,0.00500576,FILL,SELL
7464590,BTC-TIX,2018-01-25T01:07:35.667,377.22688671,0.00012955,0.04886974,PARTIAL_FILL,BUY
7464588,BTC-TIX,2018-01-25T01:07:35.353,5693.15004048,0.00012954,0.73749065,PARTIAL_FILL,SELL
7464585,BTC-TIX,2018-01-25T01:07:34.9,348.72335107,0.00012954,0.04517362,PARTIAL_FILL,SELL
7464583,BTC-TIX,2018-01-25T01:07:33.977,433.40339646,0.00012954,0.05614307,PARTIAL_FILL,SELL
7464582,BTC-TIX,2018-01-25T01:07:33.93,373.19779576,0.00012954,0.04834404,PARTIAL_FILL,SELL
7464581,BTC-TIX,2018-01-25T01:07:33.93,433.40339646,0.00012954,0.05614307,FILL,SELL
7464572,BTC-TIX,2018-01-25T01:07:25.76,8.14360099,0.00012954,0.00105492,PARTIAL_FILL,SELL
7464567,BTC-TIX,2018-01-25T01:07:16.9,3973.92297699,0.00012954,0.51478198,PARTIAL_FILL,SELL
